2984 4942
418 375 481 441 vi
1087 370 1185 442 M.
1229 372 1538 441 TULLII
1589 318 2059 446 &01:110le

414 510 583 577 cm
602 523 817 577 antem
844 511 1129 598 princeps
1158 516 1508 578 Academiae
1531 514 1711 579 Philo
1739 537 1883 579 cnm
1919 517 2380 582 Athenienfium
2407 519 2725 604 optimati-

417 597 533 665 buo
580 616 831 686 propter
878 601 1107 666 benum
1138 602 1626 666 Mithridaticum
1669 603 1938 668 Romam
1973 602 2344 690 profugifl'et,
2389 625 2520 670 tum
2564 633 2618 669 et
2656 610 2716 675 se

416 685 637 753 Cicero
657 689 924 768 tradidit,
948 691 1284 756 admirabili
1303 691 1574 775 quodam
1606 693 1682 754 ad
1703 690 2155 778 Philosophiam
2181 694 2382 760 studio
2410 700 2718 763 incitatus.

920 866 1228 932 ANNUS
1272 866 1538 931 URBIS
1585 868 2019 932 CONDI'I'AE
2062 878 2211 936 666.

417 1000 670 1091 CssICn.
685 1003 942 1079 Οὲῗαυίο,
962 1001 1951 1091 L.CornelioCinna,anteLbr1stum
1974 1011 2074 1069 86.
2110 1008 2389 1073 Ciceronis
2401 1006 2711 1094 vigffimus-

496 1135 662 1201 cam
681 1139 879 1202 Cinna
896 1135 1256 1221 perniciosas
1276 1137 1439 1224 leges
1456 1158 1565 1221 per
1582 1138 1707 1200 vim
1725 1137 1933 1215 ferret,
1943 1139 2092 1203 urbe
2110 1162 2145 1203 a
2164 1140 2281 1204 Cn.
2303 1139 2569 1204 Octavio
2587 1143 2716 1206 col-

405 1223 1047 1312 hgawlsQcompit
1062 1228 1399 1289 exercitum
1413 1229 1469 1288 A
1476 1227 1603 1310 ppii
1613 1227 2067 1312 Claudii,que¹n
2091 1230 2152 1290 in
2171 1227 2339 1290 suam
2350 1226 2712 1314 potestatem

405 1315 659 1398 redegit.
725 1312 951 1376 Redux
984 1312 1185 1377 statim
1215 1335 1290 1377 ex
1323 1314 1538 1379 Africa
1559 1316 1616 1379 ei
1640 1315 1877 1379 Marius
1901 1316 1963 1380 se
1987 1317 2266 1402 adjunxit
2287 1338 2432 1380 cum
2453 1317 2550 1380 sex
2578 1317 2714 1381 He-

357 1429 373 1435 ·
401 1400 744 1466 vascorum
763 1401 1061 1466 millibus:
1078 1417 1262 1485 atque
1282 1408 1363 1464 ita
1380 1403 1495 1465 isto
1513 1404 1757 1488 agmine
1777 1406 1990 1466 urbem
2010 1405 2368 1478 obfident,&
2388 1407 2712 1482 invadunt}

400 1510 589 1574 quam
617 1504 857 1572 captam
886 1489 1159 1553 caedibus
1187 1494 1245 1552 &
1277 1490 1504 1571 rapinis
1530 1487 1848 1552 vastavere.
1917 1489 2218 1553 octavius
2248 1491 2480 1554 Consul
2509 1495 2711 1576 capite

401 1590 737 1641 truncatur.
786 1574 1066 1652 catulus,
1096 1575 1192 1639 Μ.
1222 1575 1555 1653 Antonius,
1579 1576 1652 1640 C.
1679 1575 1903 1651 Julius,
1934 1577 2226 1640 Oratores
2249 1578 2712 1662 praestantissimi

400 1661 880 1729 interficiuntur:
923 1663 1018 1728 M.
1052 1664 1302 1730 Antonii
1330 1679 1516 1750 caput
1544 1664 1610 1727 in
1639 1665 1712 1728 iis
1742 1664 1880 1750 ipfis
1909 1664 2115 1728 rostris
2146 1666 2494 1749 exponitur,
2518 1693 2553 1729 a
2581 1689 2709 1751 quo

399 1767 571 1815 erant
595 1753 929 1815 multorum
950 1752 1176 1816 civium
1205 1755 1402 1838 capita
1431 1753 1795 1818 conservata.
1845 1752 1988 1816 Hoc
2019 1773 2182 1816 anno
2206 1755 2434 1819 Cicero
2465 1755 2709 1820 Moloni
2757 1812 2766 1821 .

400 1838 654 1904 Rhodio
674 1839 901 1906 Romoe
917 1862 1163 1928 operam
1182 1843 1374 1920 dedit,
1400 1845 1458 1906 δι
1480 1842 1674 1906 αᾶοῐί
1691 1839 1932 1906 summo
1949 1840 2288 1916 causarum,
2314 1846 2370 1905 &
2399 1844 2708 1930 magistro,

397 1941 473 1992 ut
500 1929 584 1992 ait
612 1930 677 1992 in
706 1928 920 1994 Bruto.
984 1930 1149 1996 Cum
1172 1931 1272 1996 ille
1295 1931 1528 1997 videret
1550 1930 1916 1995 Ciceronem
1939 1946 2153 1994 natum
2174 1933 2250 1993 ad
2268 1933 2706 2016 eloquentiam,

397 2016 625 2080 mirum
644 2016 736 2081 est
754 2034 1051 2101 quantum
1083 2022 1175 2084 vir
1204 2037 1409 2086 tantus
1425 2022 1560 2104 ejus
1584 2018 1778 2082 studia
1808 2019 2056 2082 acuerit.
2120 2018 2298 2082 Circa
2321 2022 2437 2083 hoc
2461 2036 2706 2105 ternpus

396 2100 621 2170 Cicero
648 2107 999 2173 adolescens
1020 2108 1489 2171 commentarios
1514 2107 1884 2170 Rhetoricos
1907 2107 1984 2170 de
2012 2108 2368 2171 Inventione
2391 2108 2708 2189 inchoatos
2730 2174 2744 2183 ,

401 2194 464 2258 ἃ
498 2193 682 2259 rudes
709 2195 924 2271 edidit,
970 2209 1037 2258 ut
1067 2194 1192 2279 ipse
1224 2194 1401 2258 initio
1428 2193 1568 2258 libri
1607 2202 1661 2258 1.
1691 2194 1772 2259 de
1803 2194 1980 2259 Orat.
2015 2193 2332 2282 fignificat.

902 2362 1211 2436 ANNUS
1250 2370 1522 2438 URBIS
1570 2370 2007 2438 CONDITAE
2052 2373 2204 2437 667.

397 2500 534 2592 Q!
573 2508 639 2572 G
681 2500 892 2568 Mario
922 2500 986 2565 V
980 2503 1068 2567 ΙΙ.
1098 2503 1181 2568 L.
1233 2506 1479 2571 amelio
1529 2506 1737 2584 Cinna,
1784 2521 1917 2571 ante
1947 2506 2230 2596 Chnstum
2261 2513 2369 2571 8³.
2420 2508 2706 2577 Ciceronis

1268 2594 1561 2682 vigffimus
1572 2599 1825 2682 primus.

460 2724 683 2792 Romae
691 2724 889 2795 Cinna
906 2745 970 2794 et
986 2710 1225 2796 Mai-itis
1245 2732 1366 2797 fine
1384 2733 1647 2799 comitiis
1663 2732 2015 2819 semetipsos
2036 2733 2455 2820 insequentem
2467 2756 2705 2801 annum

393 2812 689 2882 Consules
706 2816 1111 2904 defignamnt.
1148 2821 1381 2887 Marius
1392 2821 1525 2907 post
1543 2824 1739 2887 multa
1755 2823 2083 2886 crudeliter
2102 2824 2239 2887 aaa
2257 2827 2319 2886 in
2339 2824 2578 2888 civitate
2597 2826 2706 2887 dea

391 2904 557 2969 eimo
578 2904 1192 2972 sextosuiconsulatus
1209 2912 1310 2972 die
1324 2910 1722 2975 mortuusest.
1749 2909 2279 2975 CinnaValerium
2293 2911 2396 2975 fibi
2405 2913 2705 2997 collegam

392 2988 718 3066 substituit,
748 3014 934 3076 quem
958 2997 1115 3058 mifit
1136 2998 1201 3058 in
1222 2997 1450 3073 Afiam,
1480 3010 1553 3058 ut
1582 2996 1695 3081 'pro
1715 2997 1884 3099 Sylla
1896 2999 2029 3084 jam
2046 2999 2219 3063 hoste
2237 3000 2541 3064 declarato
2563 3021 2707 3085 pro-

391 3079 607 3142 vinciae
636 3082 930 3164 praeefl'et‚
960 3105 1030 3147 ac
1059 3084 1288 3148 benum
1319 3100 1534 3149 contra
1565 3085 1994 3147 Mithridatem
2023 3101 2262 3170 gereret
2358 3086 2598 3149 Verum
2644 3087 2704 3151 ei

392 3165 593 3234 clausa
613 3167 701 3233 est
721 3169 887 3249 Afia,
918 3186 979 3235 et
1002 3194 1035 3234 a
1059 3172 1326 3235 Fimbria
1348 3172 1457 3235 suo
1478 3173 1681 3256 legato
1705 3192 1866 3234 anno
1891 3170 2180 3254 sequente
2204 3173 2568 3239 interfectus
2591 3174 2700 3239 est.
2741 3219 2745 3224 ·

890 3326 1200 3392 ANNUS
1244 3324 1517 3392 URBIS
1564 3323 1999 3391 CONDITAE
2043 3330 2195 3389 668.

481 3432 614 3548 Cqffi
642 3460 725 3524 L.
754 3460 1010 3529 Cornelio
1038 3464 1248 3538 Cinna,
1296 3465 1400 3528 Cn.
1432 3460 1671 3543 Papirio
1718 3459 1984 3536 Carbone,
2029 3471 2163 3522 ante
2191 3457 2473 3547 Christum
2506 3465 2614 3527 84.

1097 3551 1378 3616 Ciceronis
1402 3549 1695 3635 vigefimus
1709 3549 1997 3631 [beandus.

477 3683 643 3748 Cum
662 3682 862 3747 Cinna
885 3683 1107 3751 Romae
1130 3683 1438 3747 summum
1462 3683 1711 3747 haberet
1734 3681 2083 3767 imperium,
2107 3681 2168 3745 se
2189 3685 2439 3747 tertium
2459 3683 2699 3749 Consu-

390 3773 515 3836 lem
532 3772 779 3847 creavit,
798 3772 1096 3860 afl‘nmpto
1115 3772 1219 3835 fibi
1238 3775 1470 3859 collega
1486 3771 1770 3838 Carbone
1791 3792 1903 3857 pro
1920 3768 2192 3845 Valerio,
2212 3774 2320 3857 qui
2337 3772 2570 3837 occisus
2588 3770 2696 3836 est.

389 3860 657 3925 Fimbria
680 3862 1076 3927 crudelissime
1098 3861 1287 3925 saeviit
1304 3861 1366 3923 in
1394 3860 1535 3924 Asia
1556 3876 1767 3924 contra
1783 3858 2050 3936 Ilienses,
2069 3861 2176 3942 qui
2200 3862 2276 3923 ad
2297 3861 2528 3948 Syllam
2547 3882 2697 3925 con-

391 3947 704 4035 fugerant:
750 3971 892 4013 nam
923 3972 1140 4015 eorum
1169 3950 1383 4013 urbem
1416 3950 1684 4013 caedibus
1712 3947 1985 4034 replevit.
2053 3947 2243 4036 Sylla,
2271 3949 2700 4012 deficientibus

389 4037 574 4102 rebus
601 4039 888 4103 omnibus
912 4042 986 4103 ad
1017 4040 1269 4114 bellum,
1299 4036 1486 4102 hostis
1509 4061 1544 4101 a
1563 4039 1791 4122 populo
1815 4036 2104 4101 Romano
2126 4037 2458 4123 judicatus,
2479 4052 2700 4121 pacem·

389 4142 535 4190 cum
558 4126 919 4191 Mithridate
934 4127 1136 4193 facere
1154 4126 1406 4192 coactus
1424 4127 1540 4190 est:
1569 4142 1752 4211 atque
1769 4128 1852 4188 ita
1872 4126 2073 4210 primo
2090 4125 2251 4188 bello
2275 4123 2702 4189 Mitlnidatico·

390 4212 534 4277 finis
562 4215 899 4301 impofitus,
930 4218 993 4281 in
1023 4239 1148 4301 quo
1170 4240 1204 4279 a
1224 4215 1390 4303 Sylla
1409 4232 1660 4280 centum
1676 4212 1815 4279 sexa
1859 4215 1985 4277 'nta
2007 4213 2275 4276 hostium
2301 4213 2490 4276 millia
2512 4214 2701 4275 inter-

390 4300 561 4366 ἱεᾶει
574 4302 740 4370 sunt:
758 4305 906 4370 inita
924 4305 1038 4370 hac
1056 4328 1227 4389 pace,
1251 4319 1460 4368 contra
1479 4302 1808 4368 Fimbriam
1875 4302 1993 4389 ylla
2017 4303 2327 4387 profectus
2345 4302 2569 4385 est,qui
2589 4303 2700 4363 de-

392 4387 752 4462 semsasuis
761 4388 2694 4479 mnitibueflbimetvioientasmanusintemploAEsculapiiintdit.
