2984 4942
490 428 620 489 246
1138 415 1236 479 M.
1280 411 1584 478 TULLII
1628 409 2087 477 CICERONIS

580 552 760 616 nibus
787 547 1078 624 incendit,
1122 548 1434 612 hominem
1463 548 1584 611 {ine
1615 565 1648 611 Ρ
1676 568 1764 622 re,
1811 546 1936 610 {ine
1967 545 2111 621 fide,
2159 542 2282 607 fine
2304 542 2430 629 spe,
2475 545 2590 611 fine
2613 549 2825 630 sede,

580 641 703 703 fine
725 634 1014 713 fortuni‘s3
1045 657 1171 713 ore,
1204 637 1422 721 lingua,
1474 657 1679 709 manu,
1713 635 1835 697 vita
1863 636 2030 698 omni
2061 634 2482 714 iniquinatum3
2544 642 2642 718 qui
2665 638 2829 702 Ca:

577 729 691 789 tuli
715 738 1185 790 monumentum
1215 724 1444 796 afflixit,
1492 743 1688 786 meam
1728 724 1980 785 domum
2034 720 2238 794 diruit,
2285 721 2408 793 mei
2447 721 2650 785 fratris
2700 727 2816 788 in-

498 816 819 889 9Ocendit3
881 813 982 896 qui
1034 813 1096 874 in
1144 812 1361 893 palatio
1391 825 1568 892 atque
1597 816 1659 871 in
1689 812 1848 873 urbis
1877 809 2059 873 oculis
2091 807 2324 870 servitia
2351 810 2429 869 ad
2460 813 2700 874 caedem
2741 826 2818 876 et

574 901 1066 966 inflammandam
1117 899 1323 964 urbem
1384 898 1672 961 incitavit:
1717 900 1781 958 in
1839 919 1909 959 ea
1966 897 2203 959 civitate
2254 916 2331 957 ne
2377 904 2686 976 patiamini
2723 901 2802 963 il-

575 992 699 1055 lum
730 988 1056 1052 absolutum
1109 986 1374 1050 muliebri
1403 985 1614 1071 gratia,
1644 984 1740 1046 Μ.
1772 985 2033 1047 Coelium
2063 983 2297 1045 libidini
2327 985 2605 1048 muliebri
2637 1008 2804 1049 con·

576 1079 897 1140 donatum:
940 1097 1018 1137 ne
1077 1076 1285 1137 eadem
1346 1072 1564 1135 mulier
1593 1093 1735 1134 cum
1767 1071 1873 1135 suo
1903 1073 2164 1156 conjuge
2207 1087 2269 1133 et
2313 1070 2509 1144 fratre,
2555 1076 2798 1156 turpis.

572 1164 790 1229 fimum
817 1165 1111 1226 latronem
1143 1160 1438 1244 eripuisse,
1482 1174 1544 1222 et
1572 1158 2038 1222 honestissimum
2070 1158 2498 1221 adolescentem
2526 1162 2802 1243 oppres.

489 1252 705 1321 wofifl‘e
750 1253 1031 1317 videatur.
1126 1249 1311 1334 Quod
1342 1269 1478 1312 cum
1505 1246 1680 1332 hujus
1708 1247 1872 1310 vobis
1914 1245 2371 1308 adolescentiam
2405 1246 2799 1329 proposueri-

569 1340 669 1415 tis,
701 1339 1110 1402 constituitote
1132 1337 1296 1400 vobis
1327 1351 1465 1398 ante
1502 1336 1707 1398 oculos
1735 1336 1917 1419 hujus
1949 1337 2127 1396 etiarn
2153 1333 2352 1395 miseri
2380 1333 2796 1413 senefihrtem,

572 1429 679 1511 qui
708 1426 827 1489 hoc
872 1426 1048 1489 unico
1089 1422 1215 1486 filio
1267 1424 1496 1498 nititur,
1547 1424 1611 1483 in
1653 1422 1826 1507 hujus
1871 1422 1967 1502 spe
1994 1420 2335 1503 requiescit,
2381 1420 2569 1506 hujus
2611 1430 2792 1487 unius

571 1514 768 1578 casum
829 1510 1222 1597 pertimescit:
1296 1532 1476 1592 quem
1529 1529 1635 1571 vos
1687 1509 2009 1592 supplicem
2068 1507 2278 1571 vestrae
2331 1507 2787 1588 misericordiae,

568 1602 804 1664 servum
837 1598 1168 1680 potestati3‚
1212 1598 1518 1682 abjeflum
1550 1617 1673 1658 non
1702 1611 1826 1657 tam
1873 1597 1949 1657 ad
1993 1594 2200 1680 pedes,
2241 1617 2427 1677 quam
2460 1597 2540 1658 ad
2563 1618 2787 1674 mores,

484 1687 893 1768 105sensusque
916 1686 1161 1758 vestros,
1204 1687 1299 1746 vel
1327 1683 1744 1745 recordatione
1768 1697 2086 1766 parentum
2110 1681 2467 1758 vestrorum,
2515 1686 2612 1746 vel
2635 1685 2781 1748 libe-

564 1792 775 1834 rorum
822 1773 1203 1857 jucunditate
1249 1770 1600 1845 sustentate3
1647 1785 1717 1833 ut
1768 1771 1832 1831 in
1882 1771 2124 1834 alterius
2156 1772 2384 1845 dolore,
2414 1773 2512 1834 vel
2559 1772 2778 1853 pietati,

564 1861 660 1920 vel
690 1860 1079 1944 indulgentiae
1129 1857 1344 1922 vestrae
1388 1858 1670 1920 serviatis.
1737 1857 1971 1934 Nolite,
2018 1858 2050 1922 J
2060 1858 2286 1934 udices,
2333 1873 2439 1921 aut
2467 1859 2628 1922 hanc
2650 1862 2779 1945 jam

564 1964 778 2009 natura
825 1946 947 2031 ipsa
976 1963 1008 2010 q
1040 1946 1419 2010 occidentem
1465 1946 1619 2008 velle
1649 1944 1944 2008 'maturius
1976 1946 2248 2031 extingui
2280 1948 2533 2008 vulnere
2561 1947 2776 2023 vestro,

563 2056 743 2116 quam
768 2034 874 2098 suo
895 2035 1060 2097 fato:
1105 2048 1210 2096 aut
1238 2033 1402 2096 hunc
1434 2054 1599 2096 nunc
1644 2035 1905 2115 primurn
1938 2032 2354 2096 florescentem
2388 2031 2630 2097 firmata
2652 2036 2781 2120 jam

476 2121 751 2207 ‘nostirpe
784 2122 1042 2196 virtutiS,
1086 2137 1376 2205 tanquam
1407 2122 1647 2184 turbine
1671 2121 1876 2203 aliquo
1898 2135 2003 2183 aut
2033 2120 2226 2183 subita
2256 2122 2611 2206 tempestate
2642 2143 2777 2205 per-

554 2226 808 2272 vertere.
901 2209 1263 2273 Conservate
1294 2208 1521 2291 parenti
1556 2207 1776 2282 filium,
1823 2223 2117 2291 parenten
2149 2208 2296 2284 filio,
2328 2231 2407 2271 ne
2434 2225 2538 2271 aut
2569 2208 2770 2273 senec-

559 2310 755 2360 tutem
803 2298 931 2381 jam
976 2317 1163 2380 prope
1194 2314 1218 2345 ¹·
1259 2297 1629 2380 desperatam
1681 2296 2110 2377 contempfiffe,
2155 2312 2257 2359 aut
2310 2296 2769 2361 adolescentiam

556 2385 801 2464 plenam
832 2382 955 2465 spei
985 2384 1267 2447 maximae
1298 2405 1422 2445 non
1444 2385 1631 2447 modo
1658 2403 1780 2445 non
1805 2383 2007 2446 aluifl'e
2036 2404 2168 2459 voe,
2191 2382 2292 2448 sed
2314 2384 2495 2448 etiam
2521 2402 2543 2430 ⁸
2563 2406 2770 2467 percu-

557 2467 682 2532 liffe
712 2483 890 2551 atque
923 2468 1185 2533 afflixifl'e
1207 2470 1550 2533 videamini.
1641 2470 1851 2555 Quem
1883 2471 1922 2532 fi
1953 2472 2146 2545 vobis,
2192 2471 2233 2532 fi
2275 2471 2416 2546 suis,
2464 2471 2503 2532 fi
2534 2472 2772 2553 reipub-

475 2556 705 2622 lzolicae
750 2556 1126 2633 conservatis,
1180 2558 1516 2629 addietum,
1562 2558 1852 2634 deditum,
1883 2556 2243 2621 obstfifitum
2273 2558 2443 2622 vobis
2475 2580 2544 2621 ac
2572 2558 2767 2621 liberis

550 2643 765 2706 vestris
792 2643 1114 2707 habebitis:
1158 2648 1556 2726 omniumque
1607 2644 1789 2729 hujus
1817 2650 1844 2694 t
1881 2666 2206 2709 nervorum
2235 2667 2305 2709 ac
2337 2645 2611 2710 laborum
2649 2660 2754 2709 voe

558 2729 933 2811 potiffimum,
979 2731 1011 2795 J
1021 2731 1242 2808 udices,
1286 2728 1530 2794 fruitus
1558 2731 1767 2795 uberes
1796 2731 2228 2818 diuturnosque
2258 2735 2524 2818 capietis.

650 2922 685 2969 Ρ
723 2907 893 2969 bonis.
968 2926 999 2973 ‘1
1034 2909 1373 2971 morientem.
1455 2923 1481 2954 ¹·
1526 2918 1820 2979 mortuam.
1897 2924 1921 2956 ⁸
1964 2909 2224 2996 evertffl.
2302 2916 2325 2958 t
2367 2910 2606 2972 virium.

537 3077 616 3124 83.
646 3076 802 3123 Catuli
826 3078 1203 3135 monumentum]
1236 3074 1395 3125 Catuli
1418 3089 1590 3122 monn·
1657 3075 1842 3124 issam
1865 3088 2025 3124 sorore
2047 3077 2234 3127 Clodia.

469 3140 689 3187 mentum
716 3142 942 3188 Porticus
969 3141 1058 3188 fuit
1076 3144 1124 3188 in
1156 3142 1359 3189 Palatio.
1725 3140 1794 3187 lb.
1867 3135 2192 3202 Turpissimum
2242 3140 2499 3200 latronem]
2566 3144 2770 3192 sextum

540 3206 619 3249 89.
644 3203 799 3250 Meam
820 3207 998 3252 domum
1013 3204 1199 3261 din-:eiij
1235 3206 1452 3261 Clodius,
1474 3206 1593 3252 dum
1659 3204 2140 3255 Clodiumlatronem
2172 3212 2332 3264 vocat,
2374 3208 2455 3268 qui
2482 3205 2663 3253 Clodiae
2687 3209 2769 3256 be-

472 3266 655 3312 Cioero
689 3270 930 3325 exularet,
974 3270 1171 3316 domum
1213 3267 1319 3327 ejus
1358 3269 1593 3316 Libertati
1657 3269 1848 3328 neficio,
1866 3271 2102 3318 liberatus
2123 3278 2217 3319 est.

473 3332 792 3377 consecravit.
1715 3335 1794 3380 96.
1820 3334 1978 3394 Hujus
1995 3334 2191 3395 misera]
2252 3337 2362 3383 Hoc
2378 3334 2522 3380 verba
2543 3346 2768 3393 pronun·

540 3396 620 3441 92.
664 3393 885 3440 Muliebri
911 3394 1113 3455 gratim]
1146 3396 1194 3443 si
1221 3395 1406 3443 Clodiae
1443 3410 1590 3444 muza
1652 3397 1827 3444 ciaudo
1872 3400 2003 3448 celii
2045 3405 2234 3458 patrem
2272 3397 2655 3455 demonstrabat,
2689 3400 2768 3459 qui

473 3458 654 3503 Serme
699 3458 892 3505 clodius
927 3458 1172 3506 absolutus
1191 3467 1285 3517 est,
1324 3474 1417 3507 non
1441 3461 1592 3507 debet
1654 3466 1839 3509 atr-tun
1854 3470 1905 3510 et
1939 3464 2218 3512 sordidatus
2245 3463 2426 3523 judium
2446 3462 2635 3520 aderat,
2669 3474 2768 3511 mo-

472 3528 676 3581 propter
718 3535 826 3567 eam
864 3525 1045 3570 Coeltua
1063 3525 1124 3571 ud
1144 3525 1506 3572 damnationem
1537 3531 1592 3570 et
1653 3525 1824 3573 vendae
1847 3527 2058 3584 iudicum
2076 3529 2417 3577 misericordia
2435 3542 2609 3578 cau-n·

474 3585 776 3642 supplicium
800 3586 946 3633 tradi.
1727 3593 1831 3638 104.
1865 3591 1978 3638 Jam
2006 3592 2188 3655 stirpe]
2225 3594 2542 3652 Comparatio
2562 3606 2590 3638 ι
2617 3590 2764 3639 ventis

541 3650 619 3695 913.
668 3649 846 3696 Mulier
887 3666 987 3698 cum
1014 3667 1097 3698 suo
1134 3653 1366 3713 conjuga]
1412 3652 1592 3713 Pungit
1652 3658 2764 3719 ettempentatetetmetuphomduetttten-

478 3713 719 3775 clodium,
750 3715 830 3776 qui
853 3714 1050 3764 infamis
1072 3717 1232 3765 suerat
1254 3718 1441 3767 incestu
1472 3730 1589 3769 cum
1654 3718 1721 3767 ris
1745 3720 2015 3772 arboribus.
