<?xml version="1.0" encoding="UTF-8"?>
<!DOCTYPE html PUBLIC "-//W3C//DTD XHTML 1.0 Transitional//EN"
    "http://www.w3.org/TR/xhtml1/DTD/xhtml1-transitional.dtd">
<html xmlns="http://www.w3.org/1999/xhtml" xml:lang="en" lang="en">
 <head>
  <title>
</title>
<meta http-equiv="Content-Type" content="text/html;charset=utf-8" />
  <meta name='ocr-system' content='tesseract 3.04.00' />
  <meta name='ocr-capabilities' content='ocr_page ocr_carea ocr_par ocr_line ocrx_word'/>
</head>
<body>
  <div class='ocr_page' id='page_1' title='image "./orationesquaeda01cicegoog_0227.png"; bbox 0 0 2984 4942; ppageno 0'>
   <div class='ocr_carea' id='block_1_1' title="bbox 430 374 2047 453">
    <p class='ocr_par' dir='ltr' id='par_1_1' title="bbox 430 374 2047 453">
     <span class='ocr_line' id='line_1_1' title="bbox 430 374 2047 453; baseline -0.004 -2"><span class='ocrx_word' id='word_1_1' title='bbox 430 392 551 453; x_wconf 71' lang='lat'>1⁸6</span> <span class='ocrx_word' id='word_1_2' title='bbox 1085 377 1183 443; x_wconf 82' lang='lat' dir='ltr'>M.</span> <span class='ocrx_word' id='word_1_3' title='bbox 1226 374 1550 442; x_wconf 75' lang='lat' dir='ltr'>TULLII·</span> <span class='ocrx_word' id='word_1_4' title='bbox 1575 375 2047 445; x_wconf 78' lang='lat' dir='ltr'>CICERONIS</span> 
     </span>
    </p>
   </div>
   <div class='ocr_carea' id='block_1_2' title="bbox 423 510 2742 2967">
    <p class='ocr_par' dir='ltr' id='par_1_2' title="bbox 423 510 2742 2967">
     <span class='ocr_line' id='line_1_2' title="bbox 510 510 2736 595; baseline 0 -14"><span class='ocrx_word' id='word_1_5' title='bbox 510 519 678 590; x_wconf 83' lang='lat' dir='ltr'>fidio,</span> <span class='ocrx_word' id='word_1_6' title='bbox 735 529 797 578; x_wconf 87' lang='lat' dir='ltr'>et</span> <span class='ocrx_word' id='word_1_7' title='bbox 824 514 902 578; x_wconf 89' lang='lat' dir='ltr'>de</span> <span class='ocrx_word' id='word_1_8' title='bbox 932 513 1202 579; x_wconf 68' lang='lat' dir='ltr'>custodia</span> <span class='ocrx_word' id='word_1_9' title='bbox 1230 512 1485 577; x_wconf 83' lang='lat' dir='ltr'>civitatis</span> <span class='ocrx_word' id='word_1_10' title='bbox 1514 512 1722 577; x_wconf 81' lang='lat' dir='ltr'>vestris</span> <span class='ocrx_word' id='word_1_11' title='bbox 1752 512 2060 577; x_wconf 77' lang='lat' dir='ltr'>sententiis</span> <span class='ocrx_word' id='word_1_12' title='bbox 2087 510 2397 576; x_wconf 81' lang='lat' dir='ltr'>deturbari</span> <span class='ocrx_word' id='word_1_13' title='bbox 2442 514 2656 582; x_wconf 74' lang='lat' dir='ltr'>volunt</span> <span class='ocrx_word' id='word_1_14' title='bbox 2689 542 2736 595; x_wconf 65' lang='grc' dir='ltr'><strong><em>ς</em></strong></span> 
     </span>
     <span class='ocr_line' id='line_1_3' title="bbox 510 600 2730 689; baseline 0 -21"><span class='ocrx_word' id='word_1_15' title='bbox 510 623 771 689; x_wconf 88' lang='lat' dir='ltr'>quorum</span> <span class='ocrx_word' id='word_1_16' title='bbox 823 624 937 687; x_wconf 85' lang='lat' dir='ltr'>ego</span> <span class='ocrx_word' id='word_1_17' title='bbox 983 602 1216 665; x_wconf 83' lang='lat' dir='ltr'>ferrum</span> <span class='ocrx_word' id='word_1_18' title='bbox 1263 616 1323 662; x_wconf 90' lang='lat' dir='ltr'>et</span> <span class='ocrx_word' id='word_1_19' title='bbox 1355 601 1666 663; x_wconf 80' lang='lat' dir='ltr'>audaciam</span> <span class='ocrx_word' id='word_1_20' title='bbox 1708 603 1895 687; x_wconf 88' lang='lat' dir='ltr'>rejeci</span> <span class='ocrx_word' id='word_1_21' title='bbox 1945 602 2010 665; x_wconf 91' lang='lat' dir='ltr'>in</span> <span class='ocrx_word' id='word_1_22' title='bbox 2040 621 2275 682; x_wconf 81' lang='lat' dir='ltr'>campe,</span> <span class='ocrx_word' id='word_1_23' title='bbox 2304 600 2600 666; x_wconf 77' lang='lat' dir='ltr'>debilitavi</span> <span class='ocrx_word' id='word_1_24' title='bbox 2627 607 2730 668; x_wconf 82' lang='lat' dir='ltr'>in</span> 
     </span>
     <span class='ocr_line' id='line_1_4' title="bbox 508 688 2742 772; baseline 0.001 -18"><span class='ocrx_word' id='word_1_25' title='bbox 508 694 664 767; x_wconf 87' lang='lat' dir='ltr'>foro,</span> <span class='ocrx_word' id='word_1_26' title='bbox 710 688 1019 772; x_wconf 86' lang='lat' dir='ltr'>compressi</span> <span class='ocrx_word' id='word_1_27' title='bbox 1042 689 1223 752; x_wconf 89' lang='lat' dir='ltr'>etiam</span> <span class='ocrx_word' id='word_1_28' title='bbox 1243 688 1408 751; x_wconf 86' lang='lat' dir='ltr'>dorni</span> <span class='ocrx_word' id='word_1_29' title='bbox 1434 711 1589 752; x_wconf 78' lang='lat' dir='ltr'>mene</span> <span class='ocrx_word' id='word_1_30' title='bbox 1619 689 1794 769; x_wconf 80' lang='lat' dir='ltr'>saepe,</span> <span class='ocrx_word' id='word_1_31' title='bbox 1841 689 1874 753; x_wconf 92' lang='lat' dir='ltr'>J</span> <span class='ocrx_word' id='word_1_32' title='bbox 1881 689 2111 764; x_wconf 77' lang='lat' dir='ltr'>udices3</span> <span class='ocrx_word' id='word_1_33' title='bbox 2138 688 2234 750; x_wconf 85' lang='lat' dir='ltr'>his</span> <span class='ocrx_word' id='word_1_34' title='bbox 2255 709 2362 750; x_wconf 82' lang='lat' dir='ltr'>vos</span> <span class='ocrx_word' id='word_1_35' title='bbox 2386 688 2426 749; x_wconf 85' lang='lat' dir='ltr'>fi</span> <span class='ocrx_word' id='word_1_36' title='bbox 2459 692 2742 757; x_wconf 64' lang='lat' dir='ltr'>alterum</span> 
     </span>
     <span class='ocr_line' id='line_1_5' title="bbox 507 774 2738 861; baseline 0 -17"><span class='ocrx_word' id='word_1_37' title='bbox 507 779 809 845; x_wconf 87' lang='lat' dir='ltr'>consulem</span> <span class='ocrx_word' id='word_1_38' title='bbox 861 777 1243 852; x_wconf 74' lang='lat' dir='ltr'>tradideritiS,</span> <span class='ocrx_word' id='word_1_39' title='bbox 1288 776 1418 857; x_wconf 88' lang='lat' dir='ltr'>plus</span> <span class='ocrx_word' id='word_1_40' title='bbox 1453 778 1648 838; x_wconf 89' lang='lat' dir='ltr'>multo</span> <span class='ocrx_word' id='word_1_41' title='bbox 1700 792 1875 840; x_wconf 88' lang='lat' dir='ltr'>erunt</span> <span class='ocrx_word' id='word_1_42' title='bbox 1923 776 2130 840; x_wconf 86' lang='lat' dir='ltr'>vestris</span> <span class='ocrx_word' id='word_1_43' title='bbox 2152 774 2486 853; x_wconf 68' lang='lat' dir='ltr'>sententiiS,</span> <span class='ocrx_word' id='word_1_44' title='bbox 2530 801 2738 861; x_wconf 76' lang='lat' dir='ltr'>quam</span> 
     </span>
     <span class='ocr_line' id='line_1_6' title="bbox 423 863 2724 952; baseline -0 -20"><span class='ocrx_word' id='word_1_45' title='bbox 423 869 629 934; x_wconf 82' lang='lat' dir='ltr'>25suis</span> <span class='ocrx_word' id='word_1_46' title='bbox 659 866 868 952; x_wconf 78' lang='lat' dir='ltr'>gladiis</span> <span class='ocrx_word' id='word_1_47' title='bbox 896 863 1222 928; x_wconf 86' lang='lat' dir='ltr'>consecuti.</span> <span class='ocrx_word' id='word_1_48' title='bbox 1269 863 1484 947; x_wconf 84' lang='lat' dir='ltr'>Magni</span> <span class='ocrx_word' id='word_1_49' title='bbox 1513 863 1784 938; x_wconf 88' lang='lat' dir='ltr'>interest,</span> <span class='ocrx_word' id='word_1_50' title='bbox 1829 864 2101 940; x_wconf 80' lang='lat' dir='ltr'>Iudices,</span> <span class='ocrx_word' id='word_1_51' title='bbox 2121 865 2182 925; x_wconf 88' lang='lat' dir='ltr'>id</span> <span class='ocrx_word' id='word_1_52' title='bbox 2213 864 2374 947; x_wconf 85' lang='lat' dir='ltr'>quod</span> <span class='ocrx_word' id='word_1_53' title='bbox 2405 886 2523 949; x_wconf 83' lang='lat' dir='ltr'>ego</span> <span class='ocrx_word' id='word_1_54' title='bbox 2549 870 2724 931; x_wconf 87' lang='lat' dir='ltr'>mul·</span> 
     </span>
     <span class='ocr_line' id='line_1_7' title="bbox 505 950 2722 1038; baseline 0 -19"><span class='ocrx_word' id='word_1_55' title='bbox 505 958 585 1020; x_wconf 86' lang='lat' dir='ltr'>tis</span> <span class='ocrx_word' id='word_1_56' title='bbox 634 952 1099 1038; x_wconf 75' lang='lat' dir='ltr'>repugnantibus</span> <span class='ocrx_word' id='word_1_57' title='bbox 1127 953 1225 1035; x_wconf 89' lang='lat' dir='ltr'>egi</span> <span class='ocrx_word' id='word_1_58' title='bbox 1253 964 1432 1032; x_wconf 86' lang='lat' dir='ltr'>atque</span> <span class='ocrx_word' id='word_1_59' title='bbox 1482 950 1728 1032; x_wconf 82' lang='lat' dir='ltr'>perfeci,</span> <span class='ocrx_word' id='word_1_60' title='bbox 1772 950 1887 1015; x_wconf 85' lang='lat' dir='ltr'>effe</span> <span class='ocrx_word' id='word_1_61' title='bbox 1917 951 2210 1014; x_wconf 79' lang='lat' dir='ltr'>Kalendis</span> <span class='ocrx_word' id='word_1_62' title='bbox 2241 951 2488 1016; x_wconf 77' lang='lat' dir='ltr'>Ianuar.</span> <span class='ocrx_word' id='word_1_63' title='bbox 2519 955 2584 1016; x_wconf 89' lang='lat' dir='ltr'>in</span> <span class='ocrx_word' id='word_1_64' title='bbox 2616 977 2722 1019; x_wconf 79' lang='lat' dir='ltr'>te-</span> 
     </span>
     <span class='ocr_line' id='line_1_8' title="bbox 506 1037 2722 1129; baseline -0.001 -21"><span class='ocrx_word' id='word_1_65' title='bbox 506 1043 646 1129; x_wconf 87' lang='lat' dir='ltr'>pub.</span> <span class='ocrx_word' id='word_1_66' title='bbox 672 1043 819 1105; x_wconf 89' lang='lat' dir='ltr'>duos</span> <span class='ocrx_word' id='word_1_67' title='bbox 849 1038 1141 1104; x_wconf 85' lang='lat' dir='ltr'>consules.</span> <span class='ocrx_word' id='word_1_68' title='bbox 1217 1037 1427 1101; x_wconf 87' lang='lat' dir='ltr'>Nolite</span> <span class='ocrx_word' id='word_1_69' title='bbox 1471 1039 1765 1114; x_wconf 86' lang='lat' dir='ltr'>arbitrari,</span> <span class='ocrx_word' id='word_1_70' title='bbox 1816 1040 2222 1103; x_wconf 80' lang='lat' dir='ltr'>mediocribus</span> <span class='ocrx_word' id='word_1_71' title='bbox 2279 1040 2560 1116; x_wconf 57' lang='lat' dir='ltr'>consilii-⁰³,</span> <span class='ocrx_word' id='word_1_72' title='bbox 2607 1059 2722 1106; x_wconf 78' lang='lat' dir='ltr'>aut</span> 
     </span>
     <span class='ocr_line' id='line_1_9' title="bbox 507 1125 2722 1212; baseline 0 -18"><span class='ocrx_word' id='word_1_73' title='bbox 507 1131 732 1194; x_wconf 71' lang='lat' dir='ltr'>usitatis</span> <span class='ocrx_word' id='word_1_74' title='bbox 758 1129 892 1204; x_wconf 86' lang='lat' dir='ltr'>viis,</span> <span class='ocrx_word' id='word_1_75' title='bbox 936 1142 1039 1190; x_wconf 89' lang='lat' dir='ltr'>aut</span> <span class='ocrx_word' id='word_1_76' title='bbox 1067 1128 1201 1212; x_wconf 87' lang='lat' dir='ltr'>lege</span> <span class='ocrx_word' id='word_1_77' title='bbox 1230 1125 1525 1209; x_wconf 88' lang='lat' dir='ltr'>improba,</span> <span class='ocrx_word' id='word_1_78' title='bbox 1569 1140 1670 1190; x_wconf 90' lang='lat' dir='ltr'>aut</span> <span class='ocrx_word' id='word_1_79' title='bbox 1698 1127 2029 1210; x_wconf 77' lang='lat' dir='ltr'>perniciosa</span> <span class='ocrx_word' id='word_1_80' title='bbox 2079 1128 2394 1212; x_wconf 87' lang='lat' dir='ltr'>largitione</span> <span class='ocrx_word' id='word_1_81' title='bbox 2438 1130 2722 1195; x_wconf 75' lang='lat' dir='ltr'>auditum</span> 
     </span>
     <span class='ocr_line' id='line_1_10' title="bbox 508 1214 2721 1301; baseline -0 -20"><span class='ocrx_word' id='word_1_82' title='bbox 508 1218 829 1301; x_wconf 89' lang='lat' dir='ltr'>aliquando</span> <span class='ocrx_word' id='word_1_83' title='bbox 873 1215 1114 1298; x_wconf 88' lang='lat' dir='ltr'>aliquod</span> <span class='ocrx_word' id='word_1_84' title='bbox 1175 1214 1396 1278; x_wconf 88' lang='lat' dir='ltr'>malum</span> <span class='ocrx_word' id='word_1_85' title='bbox 1436 1214 1670 1299; x_wconf 87' lang='lat' dir='ltr'>reipub.</span> <span class='ocrx_word' id='word_1_86' title='bbox 1722 1214 1931 1296; x_wconf 83' lang='lat' dir='ltr'>quaeri.</span> <span class='ocrx_word' id='word_1_87' title='bbox 2022 1215 2182 1277; x_wconf 89' lang='lat' dir='ltr'>Inita</span> <span class='ocrx_word' id='word_1_88' title='bbox 2218 1214 2357 1278; x_wconf 89' lang='lat' dir='ltr'>sunt</span> <span class='ocrx_word' id='word_1_89' title='bbox 2385 1215 2451 1277; x_wconf 89' lang='lat' dir='ltr'>in</span> <span class='ocrx_word' id='word_1_90' title='bbox 2475 1215 2584 1279; x_wconf 85' lang='lat' dir='ltr'>hac</span> <span class='ocrx_word' id='word_1_91' title='bbox 2618 1221 2721 1281; x_wconf 87' lang='lat' dir='ltr'>ci-</span> 
     </span>
     <span class='ocr_line' id='line_1_11' title="bbox 428 1300 2724 1382; baseline -0.003 -9"><span class='ocrx_word' id='word_1_92' title='bbox 428 1310 690 1373; x_wconf 79' lang='lat' dir='ltr'>?›Ovitate</span> <span class='ocrx_word' id='word_1_93' title='bbox 720 1303 983 1379; x_wconf 74' lang='lat' dir='ltr'>consilia,</span> <span class='ocrx_word' id='word_1_94' title='bbox 1029 1302 1062 1367; x_wconf 86' lang='lat' dir='ltr'>J</span> <span class='ocrx_word' id='word_1_95' title='bbox 1069 1303 1299 1376; x_wconf 89' lang='lat' dir='ltr'>udices,</span> <span class='ocrx_word' id='word_1_96' title='bbox 1345 1300 1507 1364; x_wconf 88' lang='lat' dir='ltr'>urbis</span> <span class='ocrx_word' id='word_1_97' title='bbox 1564 1302 1864 1376; x_wconf 86' lang='lat' dir='ltr'>delendae,</span> <span class='ocrx_word' id='word_1_98' title='bbox 1908 1303 2136 1366; x_wconf 75' lang='lat' dir='ltr'>civium</span> <span class='ocrx_word' id='word_1_99' title='bbox 2187 1304 2724 1382; x_wconf 71' lang='lat' dir='ltr'>trucidandorum,</span> 
     </span>
     <span class='ocr_line' id='line_1_12' title="bbox 509 1388 2714 1476; baseline -0.001 -17"><span class='ocrx_word' id='word_1_100' title='bbox 509 1392 773 1458; x_wconf 87' lang='lat' dir='ltr'>nominis</span> <span class='ocrx_word' id='word_1_101' title='bbox 822 1391 1089 1454; x_wconf 88' lang='lat' dir='ltr'>Romani</span> <span class='ocrx_word' id='word_1_102' title='bbox 1129 1390 1565 1475; x_wconf 82' lang='lat' dir='ltr'>extinguendi;</span> <span class='ocrx_word' id='word_1_103' title='bbox 1610 1404 1788 1472; x_wconf 90' lang='lat' dir='ltr'>atque</span> <span class='ocrx_word' id='word_1_104' title='bbox 1817 1388 1949 1452; x_wconf 78' lang='lat' dir='ltr'>haec</span> <span class='ocrx_word' id='word_1_105' title='bbox 1999 1392 2183 1466; x_wconf 87' lang='lat' dir='ltr'>cives,</span> <span class='ocrx_word' id='word_1_106' title='bbox 2227 1391 2388 1455; x_wconf 79' lang='lat' dir='ltr'>cives</span> <span class='ocrx_word' id='word_1_107' title='bbox 2440 1392 2714 1476; x_wconf 83' lang='lat' dir='ltr'>inquam,</span> 
     </span>
     <span class='ocr_line' id='line_1_13' title="bbox 509 1475 2702 1564; baseline -0 -19"><span class='ocrx_word' id='word_1_108' title='bbox 509 1483 550 1544; x_wconf 71' lang='lat' dir='ltr'>sn</span> <span class='ocrx_word' id='word_1_109' title='bbox 583 1504 686 1545; x_wconf 90' lang='lat' dir='ltr'>eos</span> <span class='ocrx_word' id='word_1_110' title='bbox 715 1480 831 1543; x_wconf 86' lang='lat' dir='ltr'>hoc</span> <span class='ocrx_word' id='word_1_111' title='bbox 879 1479 1127 1542; x_wconf 89' lang='lat' dir='ltr'>nomine</span> <span class='ocrx_word' id='word_1_112' title='bbox 1157 1477 1435 1559; x_wconf 86' lang='lat' dir='ltr'>appellari</span> <span class='ocrx_word' id='word_1_113' title='bbox 1463 1475 1556 1539; x_wconf 84' lang='lat' dir='ltr'>fas</span> <span class='ocrx_word' id='word_1_114' title='bbox 1585 1476 1694 1552; x_wconf 86' lang='lat' dir='ltr'>est,</span> <span class='ocrx_word' id='word_1_115' title='bbox 1738 1477 1816 1539; x_wconf 92' lang='lat' dir='ltr'>de</span> <span class='ocrx_word' id='word_1_116' title='bbox 1845 1479 2038 1561; x_wconf 86' lang='lat' dir='ltr'>patria</span> <span class='ocrx_word' id='word_1_117' title='bbox 2066 1478 2170 1541; x_wconf 89' lang='lat' dir='ltr'>sua</span> <span class='ocrx_word' id='word_1_118' title='bbox 2208 1494 2271 1541; x_wconf 87' lang='lat' dir='ltr'>et</span> <span class='ocrx_word' id='word_1_119' title='bbox 2297 1485 2587 1564; x_wconf 85' lang='lat' dir='ltr'>cogitant,</span> <span class='ocrx_word' id='word_1_120' title='bbox 2636 1494 2702 1544; x_wconf 84' lang='lat' dir='ltr'>et</span> 
     </span>
     <span class='ocr_line' id='line_1_14' title="bbox 510 1563 2718 1654; baseline -0.001 -21"><span class='ocrx_word' id='word_1_121' title='bbox 510 1571 949 1654; x_wconf 76' lang='lat' dir='ltr'>cogitaverunt3</span> <span class='ocrx_word' id='word_1_122' title='bbox 994 1565 1216 1628; x_wconf 88' lang='lat' dir='ltr'>horum</span> <span class='ocrx_word' id='word_1_123' title='bbox 1263 1586 1379 1646; x_wconf 88' lang='lat' dir='ltr'>ego</span> <span class='ocrx_word' id='word_1_124' title='bbox 1424 1563 1698 1643; x_wconf 87' lang='lat' dir='ltr'>quotidie</span> <span class='ocrx_word' id='word_1_125' title='bbox 1740 1564 1998 1629; x_wconf 75' lang='lat' dir='ltr'>consiliis</span> <span class='ocrx_word' id='word_1_126' title='bbox 2054 1587 2329 1642; x_wconf 83' lang='lat' dir='ltr'>occurro,</span> <span class='ocrx_word' id='word_1_127' title='bbox 2393 1566 2718 1630; x_wconf 82' lang='lat' dir='ltr'>audaciam</span> 
     </span>
     <span class='ocr_line' id='line_1_15' title="bbox 511 1648 2722 1739; baseline 0.001 -23"><span class='ocrx_word' id='word_1_128' title='bbox 511 1658 776 1726; x_wconf 87' lang='lat' dir='ltr'>debilito,</span> <span class='ocrx_word' id='word_1_129' title='bbox 822 1651 1027 1713; x_wconf 84' lang='lat' dir='ltr'>sceleri</span> <span class='ocrx_word' id='word_1_130' title='bbox 1056 1648 1301 1723; x_wconf 73' lang='lat' dir='ltr'>resisto,</span> <span class='ocrx_word' id='word_1_131' title='bbox 1348 1648 1448 1711; x_wconf 87' lang='lat' dir='ltr'>sed</span> <span class='ocrx_word' id='word_1_132' title='bbox 1466 1670 1574 1711; x_wconf 86' lang='lat' dir='ltr'>vos</span> <span class='ocrx_word' id='word_1_133' title='bbox 1598 1670 1841 1725; x_wconf 87' lang='lat' dir='ltr'>moneo,</span> <span class='ocrx_word' id='word_1_134' title='bbox 1888 1651 2152 1729; x_wconf 77' lang='lat' dir='ltr'>ludices,</span> <span class='ocrx_word' id='word_1_135' title='bbox 2199 1654 2261 1715; x_wconf 88' lang='lat' dir='ltr'>in</span> <span class='ocrx_word' id='word_1_136' title='bbox 2280 1652 2444 1717; x_wconf 80' lang='lat' dir='ltr'>exitu</span> <span class='ocrx_word' id='word_1_137' title='bbox 2470 1653 2563 1716; x_wconf 83' lang='lat' dir='ltr'>est</span> <span class='ocrx_word' id='word_1_138' title='bbox 2585 1655 2722 1739; x_wconf 75' lang='lat' dir='ltr'>jam</span> 
     </span>
     <span class='ocr_line' id='line_1_16' title="bbox 429 1734 2723 1825; baseline -0.001 -18"><span class='ocrx_word' id='word_1_139' title='bbox 429 1751 680 1807; x_wconf 81' lang='lat' dir='ltr'>:35rneus</span> <span class='ocrx_word' id='word_1_140' title='bbox 710 1736 1091 1801; x_wconf 88' lang='lat' dir='ltr'>consulatus:</span> <span class='ocrx_word' id='word_1_141' title='bbox 1120 1737 1305 1799; x_wconf 89' lang='lat' dir='ltr'>nolite</span> <span class='ocrx_word' id='word_1_142' title='bbox 1334 1734 1485 1799; x_wconf 86' lang='lat' dir='ltr'>mihi</span> <span class='ocrx_word' id='word_1_143' title='bbox 1515 1735 1861 1802; x_wconf 81' lang='lat' dir='ltr'>subtrahere</span> <span class='ocrx_word' id='word_1_144' title='bbox 1891 1757 1923 1790; x_wconf 76' lang='lat'>⁸</span> <span class='ocrx_word' id='word_1_145' title='bbox 1953 1745 2239 1805; x_wconf 84' lang='lat' dir='ltr'>vicarium</span> <span class='ocrx_word' id='word_1_146' title='bbox 2268 1761 2428 1805; x_wconf 83' lang='lat' dir='ltr'>mese</span> <span class='ocrx_word' id='word_1_147' title='bbox 2455 1742 2723 1825; x_wconf 74' lang='lat' dir='ltr'>diligen-</span> 
     </span>
     <span class='ocr_line' id='line_1_17' title="bbox 510 1824 2722 1909; baseline 0 -16"><span class='ocrx_word' id='word_1_148' title='bbox 510 1829 647 1902; x_wconf 81' lang='lat' dir='ltr'>tiae;</span> <span class='ocrx_word' id='word_1_149' title='bbox 692 1827 880 1889; x_wconf 85' lang='lat' dir='ltr'>nolite</span> <span class='ocrx_word' id='word_1_150' title='bbox 900 1824 1168 1887; x_wconf 86' lang='lat' dir='ltr'>adimere</span> <span class='ocrx_word' id='word_1_151' title='bbox 1192 1844 1357 1898; x_wconf 89' lang='lat' dir='ltr'>eum,</span> <span class='ocrx_word' id='word_1_152' title='bbox 1389 1828 1487 1887; x_wconf 91' lang='lat' dir='ltr'>cui</span> <span class='ocrx_word' id='word_1_153' title='bbox 1517 1844 1706 1906; x_wconf 87' lang='lat' dir='ltr'>remp.</span> <span class='ocrx_word' id='word_1_154' title='bbox 1738 1828 1917 1909; x_wconf 87' lang='lat' dir='ltr'>cupio</span> <span class='ocrx_word' id='word_1_155' title='bbox 1933 1829 2177 1893; x_wconf 82' lang='lat' dir='ltr'>tradere</span> <span class='ocrx_word' id='word_1_156' title='bbox 2215 1828 2612 1904; x_wconf 86' lang='lat' dir='ltr'>incolumem,</span> <span class='ocrx_word' id='word_1_157' title='bbox 2642 1832 2722 1893; x_wconf 82' lang='lat' dir='ltr'>ab</span> 
     </span>
     <span class='ocr_line' id='line_1_18' title="bbox 509 1910 2715 1998; baseline 0.001 -20"><span class='ocrx_word' id='word_1_158' title='bbox 509 1917 606 1979; x_wconf 86' lang='lat' dir='ltr'>his</span> <span class='ocrx_word' id='word_1_159' title='bbox 635 1913 817 1976; x_wconf 88' lang='lat' dir='ltr'>tantis</span> <span class='ocrx_word' id='word_1_160' title='bbox 846 1912 1120 1995; x_wconf 84' lang='lat' dir='ltr'>periculis</span> <span class='ocrx_word' id='word_1_161' title='bbox 1149 1910 1620 1974; x_wconf 82' lang='lat' dir='ltr'>defendendam.</span> <span class='ocrx_word' id='word_1_162' title='bbox 1712 1916 1919 1998; x_wconf 82' lang='lat' dir='ltr'>Atque</span> <span class='ocrx_word' id='word_1_163' title='bbox 1947 1916 2025 1978; x_wconf 86' lang='lat' dir='ltr'>ad</span> <span class='ocrx_word' id='word_1_164' title='bbox 2052 1917 2190 1981; x_wconf 81' lang='lat' dir='ltr'>haec</span> <span class='ocrx_word' id='word_1_165' title='bbox 2221 1916 2399 1992; x_wconf 80' lang='lat' dir='ltr'>mala,</span> <span class='ocrx_word' id='word_1_166' title='bbox 2441 1917 2715 1993; x_wconf 77' lang='lat' dir='ltr'>ludices,</span> 
     </span>
     <span class='ocr_line' id='line_1_19' title="bbox 513 1999 2717 2087; baseline 0.001 -23"><span class='ocrx_word' id='word_1_167' title='bbox 513 2004 661 2087; x_wconf 89' lang='lat' dir='ltr'>quid</span> <span class='ocrx_word' id='word_1_168' title='bbox 702 2002 949 2065; x_wconf 87' lang='lat' dir='ltr'>accedat</span> <span class='ocrx_word' id='word_1_169' title='bbox 994 2000 1171 2076; x_wconf 85' lang='lat' dir='ltr'>aliud,</span> <span class='ocrx_word' id='word_1_170' title='bbox 1239 2020 1365 2063; x_wconf 89' lang='lat' dir='ltr'>non</span> <span class='ocrx_word' id='word_1_171' title='bbox 1412 1999 1665 2064; x_wconf 76' lang='lat' dir='ltr'>videtis?</span> <span class='ocrx_word' id='word_1_172' title='bbox 1709 2016 1798 2077; x_wconf 87' lang='lat' dir='ltr'>te,</span> <span class='ocrx_word' id='word_1_173' title='bbox 1842 2017 1903 2065; x_wconf 92' lang='lat' dir='ltr'>te</span> <span class='ocrx_word' id='word_1_174' title='bbox 1946 2005 2196 2086; x_wconf 79' lang='lat' dir='ltr'>appelle,</span> <span class='ocrx_word' id='word_1_175' title='bbox 2262 2004 2445 2068; x_wconf 88' lang='lat' dir='ltr'>Cato:</span> <span class='ocrx_word' id='word_1_176' title='bbox 2510 2026 2717 2068; x_wconf 85' lang='lat' dir='ltr'>nonne</span> 
     </span>
     <span class='ocr_line' id='line_1_20' title="bbox 510 2087 2717 2175; baseline 0 -21"><span class='ocrx_word' id='word_1_177' title='bbox 510 2089 791 2175; x_wconf 84' lang='lat' dir='ltr'>prospicis</span> <span class='ocrx_word' id='word_1_178' title='bbox 821 2087 1243 2171; x_wconf 87' lang='lat' dir='ltr'>tempestatem</span> <span class='ocrx_word' id='word_1_179' title='bbox 1272 2093 1412 2152; x_wconf 89' lang='lat' dir='ltr'>anni</span> <span class='ocrx_word' id='word_1_180' title='bbox 1463 2087 1600 2152; x_wconf 86' lang='lat' dir='ltr'>tui?</span> <span class='ocrx_word' id='word_1_181' title='bbox 1626 2089 1756 2173; x_wconf 88' lang='lat' dir='ltr'>jam</span> <span class='ocrx_word' id='word_1_182' title='bbox 1781 2091 1946 2153; x_wconf 87' lang='lat' dir='ltr'>enim</span> <span class='ocrx_word' id='word_1_183' title='bbox 1986 2090 2269 2155; x_wconf 87' lang='lat' dir='ltr'>hesterna</span> <span class='ocrx_word' id='word_1_184' title='bbox 2295 2093 2591 2156; x_wconf 85' lang='lat' dir='ltr'>concione</span> <span class='ocrx_word' id='word_1_185' title='bbox 2621 2093 2717 2154; x_wconf 88' lang='lat' dir='ltr'>in·</span> 
     </span>
     <span class='ocr_line' id='line_1_21' title="bbox 426 2175 2717 2266; baseline -0.001 -22"><span class='ocrx_word' id='word_1_186' title='bbox 426 2181 713 2244; x_wconf 81' lang='lat' dir='ltr'>40tonuit</span> <span class='ocrx_word' id='word_1_187' title='bbox 762 2199 877 2239; x_wconf 78' lang='lat' dir='ltr'>vox</span> <span class='ocrx_word' id='word_1_188' title='bbox 930 2175 1260 2260; x_wconf 84' lang='lat' dir='ltr'>perniciosa</span> <span class='ocrx_word' id='word_1_189' title='bbox 1310 2175 1600 2260; x_wconf 74' lang='lat' dir='ltr'>designati</span> <span class='ocrx_word' id='word_1_190' title='bbox 1662 2178 1955 2262; x_wconf 87' lang='lat' dir='ltr'>[tribuni]</span> <span class='ocrx_word' id='word_1_191' title='bbox 2000 2180 2255 2266; x_wconf 71' lang='lat' dir='ltr'>collegae</span> <span class='ocrx_word' id='word_1_192' title='bbox 2311 2179 2442 2244; x_wconf 83' lang='lat' dir='ltr'>tui?</span> <span class='ocrx_word' id='word_1_193' title='bbox 2501 2194 2717 2244; x_wconf 83' lang='lat' dir='ltr'>contra</span> 
     </span>
     <span class='ocr_line' id='line_1_22' title="bbox 510 2265 2712 2353; baseline 0.001 -25"><span class='ocrx_word' id='word_1_194' title='bbox 510 2287 692 2347; x_wconf 88' lang='lat' dir='ltr'>quem</span> <span class='ocrx_word' id='word_1_195' title='bbox 725 2265 983 2327; x_wconf 88' lang='lat' dir='ltr'>multum</span> <span class='ocrx_word' id='word_1_196' title='bbox 1007 2276 1112 2327; x_wconf 85' lang='lat' dir='ltr'>tua</span> <span class='ocrx_word' id='word_1_197' title='bbox 1140 2284 1336 2339; x_wconf 85' lang='lat' dir='ltr'>mens,</span> <span class='ocrx_word' id='word_1_198' title='bbox 1368 2265 1626 2329; x_wconf 89' lang='lat' dir='ltr'>multum</span> <span class='ocrx_word' id='word_1_199' title='bbox 1649 2285 1863 2329; x_wconf 85' lang='lat' dir='ltr'>omnes</span> <span class='ocrx_word' id='word_1_200' title='bbox 1891 2266 2036 2329; x_wconf 88' lang='lat' dir='ltr'>boni</span> <span class='ocrx_word' id='word_1_201' title='bbox 2055 2269 2470 2353; x_wconf 80' lang='lat' dir='ltr'>providerunt,</span> <span class='ocrx_word' id='word_1_202' title='bbox 2530 2267 2634 2350; x_wconf 89' lang='lat' dir='ltr'>qui</span> <span class='ocrx_word' id='word_1_203' title='bbox 2651 2280 2712 2330; x_wconf 91' lang='lat' dir='ltr'>te</span> 
     </span>
     <span class='ocr_line' id='line_1_23' title="bbox 511 2352 2715 2441; baseline 0.002 -26"><span class='ocrx_word' id='word_1_204' title='bbox 511 2354 589 2415; x_wconf 86' lang='lat' dir='ltr'>ad</span> <span class='ocrx_word' id='word_1_205' title='bbox 613 2352 947 2414; x_wconf 79' lang='lat' dir='ltr'>tribunatus</span> <span class='ocrx_word' id='word_1_206' title='bbox 976 2352 1326 2431; x_wconf 87' lang='lat' dir='ltr'>petitionem</span> <span class='ocrx_word' id='word_1_207' title='bbox 1348 2367 1736 2416; x_wconf 74' lang='lat' dir='ltr'>vocaverunt.</span> <span class='ocrx_word' id='word_1_208' title='bbox 1827 2352 2080 2432; x_wconf 88' lang='lat' dir='ltr'>Omnia,</span> <span class='ocrx_word' id='word_1_209' title='bbox 2110 2378 2248 2441; x_wconf 82' lang='lat' dir='ltr'>quae</span> <span class='ocrx_word' id='word_1_210' title='bbox 2270 2377 2376 2440; x_wconf 88' lang='lat' dir='ltr'>per</span> <span class='ocrx_word' id='word_1_211' title='bbox 2393 2355 2516 2419; x_wconf 83' lang='lat' dir='ltr'>hoc</span> <span class='ocrx_word' id='word_1_212' title='bbox 2533 2357 2715 2419; x_wconf 74' lang='lat' dir='ltr'>trien-</span> 
     </span>
     <span class='ocr_line' id='line_1_24' title="bbox 512 2437 2708 2525; baseline 0.001 -22"><span class='ocrx_word' id='word_1_213' title='bbox 512 2439 680 2503; x_wconf 88' lang='lat' dir='ltr'>nium</span> <span class='ocrx_word' id='word_1_214' title='bbox 710 2444 926 2525; x_wconf 85' lang='lat' dir='ltr'>agitata</span> <span class='ocrx_word' id='word_1_215' title='bbox 948 2437 1085 2501; x_wconf 86' lang='lat' dir='ltr'>sunt</span> <span class='ocrx_word' id='word_1_216' title='bbox 1109 2439 1237 2523; x_wconf 86' lang='lat' dir='ltr'>jam</span> <span class='ocrx_word' id='word_1_217' title='bbox 1269 2438 1344 2502; x_wconf 87' lang='lat' dir='ltr'>ab</span> <span class='ocrx_word' id='word_1_218' title='bbox 1391 2461 1465 2502; x_wconf 89' lang='lat' dir='ltr'>eo</span> <span class='ocrx_word' id='word_1_219' title='bbox 1496 2455 1786 2521; x_wconf 87' lang='lat' dir='ltr'>tempore,</span> <span class='ocrx_word' id='word_1_220' title='bbox 1816 2462 1941 2523; x_wconf 89' lang='lat' dir='ltr'>quo</span> <span class='ocrx_word' id='word_1_221' title='bbox 1972 2464 2007 2504; x_wconf 88' lang='lat' dir='ltr'>a</span> <span class='ocrx_word' id='word_1_222' title='bbox 2048 2443 2123 2507; x_wconf 90' lang='lat' dir='ltr'>L.</span> <span class='ocrx_word' id='word_1_223' title='bbox 2175 2444 2460 2521; x_wconf 84' lang='lat' dir='ltr'>Catilina,</span> <span class='ocrx_word' id='word_1_224' title='bbox 2507 2458 2576 2508; x_wconf 86' lang='lat' dir='ltr'>et</span> <span class='ocrx_word' id='word_1_225' title='bbox 2591 2442 2708 2507; x_wconf 87' lang='lat' dir='ltr'>Cn.</span> 
     </span>
     <span class='ocr_line' id='line_1_25' title="bbox 510 2525 2709 2607; baseline 0.003 -18"><span class='ocrx_word' id='word_1_226' title='bbox 510 2525 728 2595; x_wconf 81' lang='lat' dir='ltr'>Pisone</span> <span class='ocrx_word' id='word_1_227' title='bbox 773 2527 1014 2589; x_wconf 88' lang='lat' dir='ltr'>initium</span> <span class='ocrx_word' id='word_1_228' title='bbox 1057 2525 1371 2589; x_wconf 82' lang='lat' dir='ltr'>confilium</span> <span class='ocrx_word' id='word_1_229' title='bbox 1401 2526 1657 2591; x_wconf 88' lang='lat' dir='ltr'>Senatus</span> <span class='ocrx_word' id='word_1_230' title='bbox 1685 2527 2092 2592; x_wconf 84' lang='lat' dir='ltr'>interficiendi</span> <span class='ocrx_word' id='word_1_231' title='bbox 2135 2530 2296 2593; x_wconf 85' lang='lat' dir='ltr'>scitis</span> <span class='ocrx_word' id='word_1_232' title='bbox 2323 2531 2466 2607; x_wconf 82' lang='lat' dir='ltr'>effe,</span> <span class='ocrx_word' id='word_1_233' title='bbox 2511 2533 2578 2595; x_wconf 85' lang='lat' dir='ltr'>in</span> <span class='ocrx_word' id='word_1_234' title='bbox 2602 2530 2709 2595; x_wconf 81' lang='lat' dir='ltr'>hos</span> 
     </span>
     <span class='ocr_line' id='line_1_26' title="bbox 426 2612 2710 2702; baseline 0 -21"><span class='ocrx_word' id='word_1_235' title='bbox 426 2616 661 2690; x_wconf 67' lang='lat' dir='ltr'>45dies,</span> <span class='ocrx_word' id='word_1_236' title='bbox 706 2616 767 2676; x_wconf 89' lang='lat' dir='ltr'>in</span> <span class='ocrx_word' id='word_1_237' title='bbox 796 2614 912 2676; x_wconf 86' lang='lat' dir='ltr'>hos</span> <span class='ocrx_word' id='word_1_238' title='bbox 936 2613 1189 2689; x_wconf 87' lang='lat' dir='ltr'>menses,</span> <span class='ocrx_word' id='word_1_239' title='bbox 1219 2613 1284 2675; x_wconf 91' lang='lat' dir='ltr'>in</span> <span class='ocrx_word' id='word_1_240' title='bbox 1311 2612 1431 2676; x_wconf 84' lang='lat' dir='ltr'>hoc</span> <span class='ocrx_word' id='word_1_241' title='bbox 1458 2627 1702 2697; x_wconf 85' lang='lat' dir='ltr'>tempus</span> <span class='ocrx_word' id='word_1_242' title='bbox 1722 2630 2066 2698; x_wconf 82' lang='lat' dir='ltr'>erumpunt.</span> <span class='ocrx_word' id='word_1_243' title='bbox 2093 2617 2225 2702; x_wconf 78' lang='lat' dir='ltr'>Qui</span> <span class='ocrx_word' id='word_1_244' title='bbox 2251 2618 2424 2680; x_wconf 87' lang='lat' dir='ltr'>locus</span> <span class='ocrx_word' id='word_1_245' title='bbox 2454 2619 2571 2695; x_wconf 84' lang='lat' dir='ltr'>est,</span> <span class='ocrx_word' id='word_1_246' title='bbox 2598 2621 2710 2685; x_wconf 79' lang='lat' dir='ltr'>Ju-</span> 
     </span>
     <span class='ocr_line' id='line_1_27' title="bbox 510 2698 2702 2788; baseline 0.001 -22"><span class='ocrx_word' id='word_1_247' title='bbox 510 2700 713 2766; x_wconf 87' lang='lat' dir='ltr'>dices?</span> <span class='ocrx_word' id='word_1_248' title='bbox 759 2702 921 2784; x_wconf 88' lang='lat' dir='ltr'>quod</span> <span class='ocrx_word' id='word_1_249' title='bbox 948 2699 1240 2785; x_wconf 87' lang='lat' dir='ltr'>tempus?</span> <span class='ocrx_word' id='word_1_250' title='bbox 1287 2701 1388 2783; x_wconf 91' lang='lat' dir='ltr'>qui</span> <span class='ocrx_word' id='word_1_251' title='bbox 1419 2698 1584 2763; x_wconf 86' lang='lat' dir='ltr'>dies?</span> <span class='ocrx_word' id='word_1_252' title='bbox 1631 2722 1769 2784; x_wconf 80' lang='lat' dir='ltr'>quae</span> <span class='ocrx_word' id='word_1_253' title='bbox 1799 2700 1956 2765; x_wconf 85' lang='lat' dir='ltr'>nox?</span> <span class='ocrx_word' id='word_1_254' title='bbox 2004 2723 2143 2767; x_wconf 88' lang='lat' dir='ltr'>cum</span> <span class='ocrx_word' id='word_1_255' title='bbox 2171 2724 2288 2788; x_wconf 88' lang='lat' dir='ltr'>ego</span> <span class='ocrx_word' id='word_1_256' title='bbox 2316 2724 2446 2766; x_wconf 89' lang='lat' dir='ltr'>non</span> <span class='ocrx_word' id='word_1_257' title='bbox 2475 2728 2560 2769; x_wconf 83' lang='lat' dir='ltr'>ex</span> <span class='ocrx_word' id='word_1_258' title='bbox 2579 2709 2702 2774; x_wconf 79' lang='lat' dir='ltr'>illo-</span> 
     </span>
     <span class='ocr_line' id='line_1_28' title="bbox 509 2787 2707 2866; baseline 0.001 -11"><span class='ocrx_word' id='word_1_259' title='bbox 509 2813 641 2855; x_wconf 88' lang='lat' dir='ltr'>rum</span> <span class='ocrx_word' id='word_1_260' title='bbox 667 2790 884 2855; x_wconf 73' lang='lat' dir='ltr'>insidiis</span> <span class='ocrx_word' id='word_1_261' title='bbox 901 2810 970 2853; x_wconf 87' lang='lat' dir='ltr'>ac</span> <span class='ocrx_word' id='word_1_262' title='bbox 1000 2788 1395 2852; x_wconf 87' lang='lat' dir='ltr'>mucronibus</span> <span class='ocrx_word' id='word_1_263' title='bbox 1422 2809 1550 2851; x_wconf 90' lang='lat' dir='ltr'>non</span> <span class='ocrx_word' id='word_1_264' title='bbox 1567 2787 1762 2851; x_wconf 87' lang='lat' dir='ltr'>solum</span> <span class='ocrx_word' id='word_1_265' title='bbox 1794 2811 1952 2866; x_wconf 88' lang='lat' dir='ltr'>meo,</span> <span class='ocrx_word' id='word_1_266' title='bbox 1997 2789 2101 2853; x_wconf 90' lang='lat' dir='ltr'>sed</span> <span class='ocrx_word' id='word_1_267' title='bbox 2132 2792 2319 2855; x_wconf 86' lang='lat' dir='ltr'>multo</span> <span class='ocrx_word' id='word_1_268' title='bbox 2348 2796 2537 2857; x_wconf 88' lang='lat' dir='ltr'>etiam</span> <span class='ocrx_word' id='word_1_269' title='bbox 2588 2816 2707 2858; x_wconf 84' lang='lat' dir='ltr'>ma·-</span> 
     </span>
     <span class='ocr_line' id='line_1_29' title="bbox 507 2876 2708 2967; baseline 0 -23"><span class='ocrx_word' id='word_1_270' title='bbox 507 2886 595 2966; x_wconf 82' lang='lat' dir='ltr'>gis</span> <span class='ocrx_word' id='word_1_271' title='bbox 623 2879 827 2944; x_wconf 85' lang='lat' dir='ltr'>divino</span> <span class='ocrx_word' id='word_1_272' title='bbox 848 2876 1091 2941; x_wconf 79' lang='lat' dir='ltr'>consilio</span> <span class='ocrx_word' id='word_1_273' title='bbox 1110 2877 1333 2967; x_wconf 79' lang='lat' dir='ltr'>eripiar</span> <span class='ocrx_word' id='word_1_274' title='bbox 1343 2889 1527 2961; x_wconf 87' lang='lat' dir='ltr'>atque</span> <span class='ocrx_word' id='word_1_275' title='bbox 1548 2876 1819 2942; x_wconf 85' lang='lat' dir='ltr'>evolem?</span> <span class='ocrx_word' id='word_1_276' title='bbox 1850 2900 2046 2962; x_wconf 85' lang='lat' dir='ltr'>neque</span> <span class='ocrx_word' id='word_1_277' title='bbox 2068 2877 2166 2942; x_wconf 83' lang='lat' dir='ltr'>isti</span> <span class='ocrx_word' id='word_1_278' title='bbox 2184 2901 2286 2944; x_wconf 88' lang='lat' dir='ltr'>me</span> <span class='ocrx_word' id='word_1_279' title='bbox 2305 2900 2444 2945; x_wconf 88' lang='lat' dir='ltr'>meo</span> <span class='ocrx_word' id='word_1_280' title='bbox 2461 2882 2708 2946; x_wconf 72' lang='lat' dir='ltr'>noniine</span> 
     </span>
    </p>
   </div>
   <div class='ocr_carea' id='block_1_3' title="bbox 1334 3057 1784 3145">
    <p class='ocr_par' dir='ltr' id='par_1_3' title="bbox 1334 3057 1784 3145">
     <span class='ocr_line' id='line_1_30' title="bbox 1334 3057 1784 3145; baseline -0.013 -24"><span class='ocrx_word' id='word_1_281' title='bbox 1334 3076 1364 3108; x_wconf 75' lang='lat' dir='ltr'><strong>a</strong></span> <span class='ocrx_word' id='word_1_282' title='bbox 1377 3057 1749 3145; x_wconf 66' lang='lat' dir='ltr'>succeffirm.</span> <span class='ocrx_word' id='word_1_283' title='bbox 1779 3104 1784 3111; x_wconf 96' lang='lat'><em>.</em></span> 
     </span>
    </p>
   </div>
   <div class='ocr_carea' id='block_1_4' title="bbox 1592 3237 2714 3558">
    <p class='ocr_par' dir='ltr' id='par_1_4' title="bbox 1596 3237 2714 3360">
     <span class='ocr_line' id='line_1_31' title="bbox 1659 3237 2714 3300; baseline 0.001 -14"><span class='ocrx_word' id='word_1_284' title='bbox 1659 3238 1738 3286; x_wconf 74' lang='lat'>40.</span> <span class='ocrx_word' id='word_1_285' title='bbox 1775 3237 2028 3299; x_wconf 66' lang='lat' dir='ltr'>Designoti</span> <span class='ocrx_word' id='word_1_286' title='bbox 2049 3238 2285 3299; x_wconf 44' lang='lat' dir='ltr'>Tribuni]</span> <span class='ocrx_word' id='word_1_287' title='bbox 2303 3241 2527 3289; x_wconf 72' lang='lat' dir='ltr'>Meteilus</span> <span class='ocrx_word' id='word_1_288' title='bbox 2539 3239 2714 3300; x_wconf 72' lang='lat' dir='ltr'>Nepos</span> 
     </span>
     <span class='ocr_line' id='line_1_32' title="bbox 1596 3300 2130 3360; baseline 0.007 -12"><span class='ocrx_word' id='word_1_289' title='bbox 1596 3300 1863 3360; x_wconf 78' lang='lat' dir='ltr'>conjuratis</span> <span class='ocrx_word' id='word_1_290' title='bbox 1884 3302 2130 3352; x_wconf 73' lang='lat' dir='ltr'>favebant.</span> 
     </span>
    </p>

    <p class='ocr_par' dir='ltr' id='par_1_5' title="bbox 1592 3361 2709 3558">
     <span class='ocr_line' id='line_1_33' title="bbox 1663 3361 2706 3431; baseline 0.006 -20"><span class='ocrx_word' id='word_1_291' title='bbox 1663 3367 1751 3412; x_wconf 73' lang='lat'>42·</span> <span class='ocrx_word' id='word_1_292' title='bbox 1803 3361 1866 3412; x_wconf 76' lang='lat' dir='ltr'>Te</span> <span class='ocrx_word' id='word_1_293' title='bbox 1886 3371 1949 3413; x_wconf 80' lang='lat' dir='ltr'>ad</span> <span class='ocrx_word' id='word_1_294' title='bbox 1978 3368 2264 3416; x_wconf 74' lang='lat' dir='ltr'>Tribunotm</span> <span class='ocrx_word' id='word_1_295' title='bbox 2283 3371 2544 3431; x_wconf 67' lang='lat' dir='ltr'>petitionem</span> <span class='ocrx_word' id='word_1_296' title='bbox 2579 3387 2706 3419; x_wconf 71' lang='lat' dir='ltr'>voca-</span> 
     </span>
     <span class='ocr_line' id='line_1_34' title="bbox 1603 3430 2709 3489; baseline 0.003 -13"><span class='ocrx_word' id='word_1_297' title='bbox 1603 3430 1806 3489; x_wconf 74' lang='lat' dir='ltr'>oemnt.]</span> <span class='ocrx_word' id='word_1_298' title='bbox 1864 3432 2151 3481; x_wconf 78' lang='lat' dir='ltr'>Plutarchus</span> <span class='ocrx_word' id='word_1_299' title='bbox 2187 3434 2359 3482; x_wconf 80' lang='lat' dir='ltr'>scribit</span> <span class='ocrx_word' id='word_1_300' title='bbox 2390 3433 2438 3480; x_wconf 88' lang='lat' dir='ltr'>in</span> <span class='ocrx_word' id='word_1_301' title='bbox 2471 3434 2578 3483; x_wconf 71' lang='lat' dir='ltr'>vita</span> <span class='ocrx_word' id='word_1_302' title='bbox 2613 3439 2709 3484; x_wconf 73' lang='lat' dir='ltr'>Ca·</span> 
     </span>
     <span class='ocr_line' id='line_1_35' title="bbox 1592 3493 2702 3558; baseline 0.007 -17"><span class='ocrx_word' id='word_1_303' title='bbox 1592 3493 1738 3549; x_wconf 70' lang='lat' dir='ltr'>tonis,</span> <span class='ocrx_word' id='word_1_304' title='bbox 1764 3496 1893 3543; x_wconf 76' lang='lat' dir='ltr'>lianc</span> <span class='ocrx_word' id='word_1_305' title='bbox 1931 3496 1993 3542; x_wconf 72' lang='lat' dir='ltr'>od</span> <span class='ocrx_word' id='word_1_306' title='bbox 2029 3512 2118 3543; x_wconf 79' lang='lat' dir='ltr'>sua</span> <span class='ocrx_word' id='word_1_307' title='bbox 2141 3498 2325 3558; x_wconf 65' lang='lat' dir='ltr'>predis</span> <span class='ocrx_word' id='word_1_308' title='bbox 2350 3498 2399 3545; x_wconf 89' lang='lat' dir='ltr'>in</span> <span class='ocrx_word' id='word_1_309' title='bbox 2421 3500 2702 3556; x_wconf 72' lang='lat' dir='ltr'>Lucaniam.</span> 
     </span>
    </p>
   </div>
   <div class='ocr_carea' id='block_1_5' title="bbox 417 3240 1531 3557">
    <p class='ocr_par' dir='ltr' id='par_1_6' title="bbox 417 3240 1531 3494">
     <span class='ocr_line' id='line_1_36' title="bbox 485 3240 1531 3304; baseline -0.007 -12"><span class='ocrx_word' id='word_1_310' title='bbox 485 3248 565 3292; x_wconf 70' lang='lat'>99.</span> <span class='ocrx_word' id='word_1_311' title='bbox 606 3243 760 3302; x_wconf 56' lang='grc' dir='ltr'>Κρίσει·</span> <span class='ocrx_word' id='word_1_312' title='bbox 780 3244 831 3291; x_wconf 78' lang='lat' dir='ltr'>in</span> <span class='ocrx_word' id='word_1_313' title='bbox 856 3240 1045 3304; x_wconf 73' lang='lat' dir='ltr'>campa]</span> <span class='ocrx_word' id='word_1_314' title='bbox 1073 3242 1125 3288; x_wconf 88' lang='lat' dir='ltr'>ln</span> <span class='ocrx_word' id='word_1_315' title='bbox 1146 3252 1322 3300; x_wconf 82' lang='lat' dir='ltr'>campo</span> <span class='ocrx_word' id='word_1_316' title='bbox 1346 3240 1531 3287; x_wconf 82' lang='lat' dir='ltr'>Martio</span> 
     </span>
     <span class='ocr_line' id='line_1_37' title="bbox 422 3303 1530 3370; baseline -0.007 -12"><span class='ocrx_word' id='word_1_317' title='bbox 422 3308 593 3370; x_wconf 81' lang='lat' dir='ltr'>rejecit</span> <span class='ocrx_word' id='word_1_318' title='bbox 636 3306 847 3367; x_wconf 81' lang='lat' dir='ltr'>impetus</span> <span class='ocrx_word' id='word_1_319' title='bbox 867 3305 1249 3367; x_wconf 72' lang='lat' dir='ltr'>conjuratorum,</span> <span class='ocrx_word' id='word_1_320' title='bbox 1270 3303 1465 3364; x_wconf 81' lang='lat' dir='ltr'>quando</span> <span class='ocrx_word' id='word_1_321' title='bbox 1481 3306 1530 3350; x_wconf 85' lang='lat' dir='ltr'>in</span> 
     </span>
     <span class='ocr_line' id='line_1_38' title="bbox 421 3369 1531 3425; baseline -0.01 -1"><span class='ocrx_word' id='word_1_322' title='bbox 421 3372 798 3424; x_wconf 76' lang='lat' dir='ltr'>comitiisiorics</span> <span class='ocrx_word' id='word_1_323' title='bbox 833 3378 991 3419; x_wconf 81' lang='lat' dir='ltr'>tectus</span> <span class='ocrx_word' id='word_1_324' title='bbox 1014 3369 1169 3425; x_wconf 81' lang='lat' dir='ltr'>venit,</span> <span class='ocrx_word' id='word_1_325' title='bbox 1201 3375 1258 3414; x_wconf 83' lang='lat' dir='ltr'>et</span> <span class='ocrx_word' id='word_1_326' title='bbox 1287 3382 1458 3415; x_wconf 76' lang='lat' dir='ltr'>omnes</span> <span class='ocrx_word' id='word_1_327' title='bbox 1478 3381 1531 3413; x_wconf 74' lang='lat' dir='ltr'>se</span> 
     </span>
     <span class='ocr_line' id='line_1_39' title="bbox 417 3434 955 3494; baseline -0.015 -3"><span class='ocrx_word' id='word_1_328' title='bbox 417 3438 596 3491; x_wconf 74' lang='lat' dir='ltr'>consinii</span> <span class='ocrx_word' id='word_1_329' title='bbox 613 3434 955 3494; x_wconf 69' lang='lat' dir='ltr'>adjunxerunt.</span> 
     </span>
    </p>

    <p class='ocr_par' dir='ltr' id='par_1_7' title="bbox 486 3495 1529 3557">
     <span class='ocr_line' id='line_1_40' title="bbox 486 3495 1529 3557; baseline -0.004 -7"><span class='ocrx_word' id='word_1_330' title='bbox 486 3504 558 3552; x_wconf 85' lang='lat' dir='ltr'>lb.</span> <span class='ocrx_word' id='word_1_331' title='bbox 612 3500 868 3549; x_wconf 62' lang='lat' dir='ltr'>stadiensi</span> <span class='ocrx_word' id='word_1_332' title='bbox 900 3501 952 3547; x_wconf 78' lang='lat' dir='ltr'>in</span> <span class='ocrx_word' id='word_1_333' title='bbox 975 3495 1128 3557; x_wconf 62' lang='lat' dir='ltr'>sora]</span> <span class='ocrx_word' id='word_1_334' title='bbox 1174 3496 1529 3546; x_wconf 76' lang='lat' dir='ltr'>Debiliuvitin</span> 
     </span>
    </p>
   </div>
   <div class='ocr_carea' id='block_1_6' title="bbox 416 3561 1529 3691">
    <p class='ocr_par' dir='ltr' id='par_1_8' title="bbox 416 3561 1529 3691">
     <span class='ocr_line' id='line_1_41' title="bbox 418 3561 1529 3625; baseline -0.01 -7"><span class='ocrx_word' id='word_1_335' title='bbox 418 3569 545 3625; x_wconf 73' lang='lat' dir='ltr'>foro,</span> <span class='ocrx_word' id='word_1_336' title='bbox 585 3579 699 3613; x_wconf 87' lang='lat' dir='ltr'>cum</span> <span class='ocrx_word' id='word_1_337' title='bbox 725 3572 827 3614; x_wconf 75' lang='lat' dir='ltr'>tam</span> <span class='ocrx_word' id='word_1_338' title='bbox 864 3568 1182 3613; x_wconf 83' lang='lat' dir='ltr'>vehementer</span> <span class='ocrx_word' id='word_1_339' title='bbox 1207 3561 1529 3610; x_wconf 76' lang='lat' dir='ltr'>concionatus</span> 
     </span>
     <span class='ocr_line' id='line_1_42' title="bbox 416 3628 1270 3691; baseline -0.008 -9"><span class='ocrx_word' id='word_1_340' title='bbox 416 3638 493 3682; x_wconf 77' lang='lat' dir='ltr'>est</span> <span class='ocrx_word' id='word_1_341' title='bbox 512 3632 644 3691; x_wconf 81' lang='lat' dir='ltr'>apud</span> <span class='ocrx_word' id='word_1_342' title='bbox 666 3635 899 3691; x_wconf 73' lang='lat' dir='ltr'>populum</span> <span class='ocrx_word' id='word_1_343' title='bbox 918 3630 967 3677; x_wconf 89' lang='lat' dir='ltr'>in</span> <span class='ocrx_word' id='word_1_344' title='bbox 989 3628 1270 3677; x_wconf 77' lang='lat' dir='ltr'>Catilinam.</span> 
     </span>
    </p>
   </div>
   <div class='ocr_carea' id='block_1_7' title="bbox 483 3688 1532 3755">
    <p class='ocr_par' dir='ltr' id='par_1_9' title="bbox 483 3688 1532 3755">
     <span class='ocr_line' id='line_1_43' title="bbox 483 3688 1532 3755; baseline -0.007 -11"><span class='ocrx_word' id='word_1_345' title='bbox 483 3696 822 3755; x_wconf 70' lang='lat' dir='ltr'>23.(*ompressi</span> <span class='ocrx_word' id='word_1_346' title='bbox 836 3696 957 3744; x_wconf 79' lang='lat' dir='ltr'>domi</span> <span class='ocrx_word' id='word_1_347' title='bbox 971 3692 1117 3749; x_wconf 64' lang='lat' dir='ltr'>mem]</span> <span class='ocrx_word' id='word_1_348' title='bbox 1137 3688 1532 3751; x_wconf 83' lang='lat' dir='ltr'>Compressitdo·</span> 
     </span>
    </p>
   </div>
   <div class='ocr_carea' id='block_1_8' title="bbox 414 3757 1529 4396">
    <p class='ocr_par' dir='ltr' id='par_1_10' title="bbox 414 3757 1529 4008">
     <span class='ocr_line' id='line_1_44' title="bbox 416 3757 1528 3820; baseline -0.01 -8"><span class='ocrx_word' id='word_1_349' title='bbox 416 3763 504 3819; x_wconf 82' lang='lat' dir='ltr'>mi,</span> <span class='ocrx_word' id='word_1_350' title='bbox 519 3775 635 3809; x_wconf 85' lang='lat' dir='ltr'>cum</span> <span class='ocrx_word' id='word_1_351' title='bbox 655 3762 907 3810; x_wconf 83' lang='lat' dir='ltr'>Cornelius</span> <span class='ocrx_word' id='word_1_352' title='bbox 923 3771 1069 3820; x_wconf 82' lang='lat' dir='ltr'>eques</span> <span class='ocrx_word' id='word_1_353' title='bbox 1084 3760 1224 3805; x_wconf 83' lang='lat' dir='ltr'>Rom.</span> <span class='ocrx_word' id='word_1_354' title='bbox 1243 3761 1297 3802; x_wconf 79' lang='lat' dir='ltr'>et</span> <span class='ocrx_word' id='word_1_355' title='bbox 1317 3757 1379 3803; x_wconf 85' lang='lat' dir='ltr'>T.</span> <span class='ocrx_word' id='word_1_356' title='bbox 1400 3758 1528 3803; x_wconf 76' lang='lat' dir='ltr'>Var-</span> 
     </span>
     <span class='ocr_line' id='line_1_45' title="bbox 414 3822 1529 3890; baseline -0.006 -14"><span class='ocrx_word' id='word_1_357' title='bbox 414 3825 638 3890; x_wconf 71' lang='lat' dir='ltr'>gunteius</span> <span class='ocrx_word' id='word_1_358' title='bbox 675 3827 808 3874; x_wconf 76' lang='lat' dir='ltr'>missi</span> <span class='ocrx_word' id='word_1_359' title='bbox 825 3841 856 3873; x_wconf 78' lang='lat' dir='ltr'>a</span> <span class='ocrx_word' id='word_1_360' title='bbox 874 3823 1086 3873; x_wconf 75' lang='lat' dir='ltr'>Catilina</span> <span class='ocrx_word' id='word_1_361' title='bbox 1113 3827 1242 3879; x_wconf 83' lang='lat' dir='ltr'>sunt,</span> <span class='ocrx_word' id='word_1_362' title='bbox 1263 3822 1397 3880; x_wconf 61' lang='lat' dir='ltr'>quae}</span> <span class='ocrx_word' id='word_1_363' title='bbox 1414 3835 1529 3869; x_wconf 84' lang='lat' dir='ltr'>eum</span> 
     </span>
     <span class='ocr_line' id='line_1_46' title="bbox 415 3888 1528 3946; baseline -0.005 -5"><span class='ocrx_word' id='word_1_364' title='bbox 415 3894 686 3946; x_wconf 62' lang='lat' dir='ltr'>salutatum</span> <span class='ocrx_word' id='word_1_365' title='bbox 704 3891 785 3937; x_wconf 80' lang='lat' dir='ltr'>sed</span> <span class='ocrx_word' id='word_1_366' title='bbox 801 3898 859 3937; x_wconf 85' lang='lat' dir='ltr'>nt</span> <span class='ocrx_word' id='word_1_367' title='bbox 874 3903 985 3937; x_wconf 83' lang='lat' dir='ltr'>cum</span> <span class='ocrx_word' id='word_1_368' title='bbox 996 3901 1163 3935; x_wconf 65' lang='lat' dir='ltr'>revera</span> <span class='ocrx_word' id='word_1_369' title='bbox 1179 3888 1528 3935; x_wconf 76' lang='lat' dir='ltr'>interficerent.</span> 
     </span>
     <span class='ocr_line' id='line_1_47' title="bbox 414 3955 945 4008; baseline -0.009 0"><span class='ocrx_word' id='word_1_370' title='bbox 414 3958 542 4008; x_wconf 81' lang='lat' dir='ltr'>Vide</span> <span class='ocrx_word' id='word_1_371' title='bbox 566 3959 706 4006; x_wconf 77' lang='lat' dir='ltr'>Orat.</span> <span class='ocrx_word' id='word_1_372' title='bbox 724 3956 775 4003; x_wconf 87' lang='lat' dir='ltr'>in</span> <span class='ocrx_word' id='word_1_373' title='bbox 799 3955 945 4005; x_wconf 79' lang='lat' dir='ltr'>Catil.</span> 
     </span>
    </p>

    <p class='ocr_par' dir='ltr' id='par_1_11' title="bbox 481 4014 1436 4074">
     <span class='ocr_line' id='line_1_48' title="bbox 481 4014 1436 4074; baseline -0.008 -2"><span class='ocrx_word' id='word_1_374' title='bbox 481 4022 555 4073; x_wconf 84' lang='lat' dir='ltr'>lb.</span> <span class='ocrx_word' id='word_1_375' title='bbox 592 4022 803 4071; x_wconf 73' lang='lat' dir='ltr'>Alterum</span> <span class='ocrx_word' id='word_1_376' title='bbox 828 4014 1109 4074; x_wconf 78' lang='lat' dir='ltr'>consuler-,1</span> <span class='ocrx_word' id='word_1_377' title='bbox 1143 4016 1436 4064; x_wconf 75' lang='lat' dir='ltr'>Muraennm·</span> 
     </span>
    </p>

    <p class='ocr_par' dir='ltr' id='par_1_12' title="bbox 415 4080 1528 4268">
     <span class='ocr_line' id='line_1_49' title="bbox 479 4080 1528 4149; baseline -0.009 -13"><span class='ocrx_word' id='word_1_378' title='bbox 479 4092 559 4138; x_wconf 75' lang='lat'>25.</span> <span class='ocrx_word' id='word_1_379' title='bbox 598 4086 767 4137; x_wconf 72' lang='lat' dir='ltr'>Multis</span> <span class='ocrx_word' id='word_1_380' title='bbox 806 4080 1206 4149; x_wconf 63' lang='lat' dir='ltr'>repugnantibus]</span> <span class='ocrx_word' id='word_1_381' title='bbox 1238 4083 1451 4130; x_wconf 72' lang='lat' dir='ltr'>Catilina</span> <span class='ocrx_word' id='word_1_382' title='bbox 1472 4085 1528 4128; x_wconf 82' lang='lat' dir='ltr'>et</span> 
     </span>
     <span class='ocr_line' id='line_1_50' title="bbox 415 4146 1527 4213; baseline -0.009 -12"><span class='ocrx_word' id='word_1_383' title='bbox 415 4156 578 4202; x_wconf 63' lang='lat' dir='ltr'>ceteri</span> <span class='ocrx_word' id='word_1_384' title='bbox 616 4151 854 4213; x_wconf 78' lang='lat' dir='ltr'>conjurati</span> <span class='ocrx_word' id='word_1_385' title='bbox 898 4146 1133 4197; x_wconf 75' lang='lat' dir='ltr'>nolebant</span> <span class='ocrx_word' id='word_1_386' title='bbox 1161 4160 1266 4196; x_wconf 82' lang='lat' dir='ltr'>esse</span> <span class='ocrx_word' id='word_1_387' title='bbox 1300 4149 1527 4195; x_wconf 79' lang='lat' dir='ltr'>conmles</span> 
     </span>
     <span class='ocr_line' id='line_1_51' title="bbox 416 4214 925 4268; baseline -0.01 -2"><span class='ocrx_word' id='word_1_388' title='bbox 416 4218 650 4268; x_wconf 75' lang='lat' dir='ltr'>Kalendis</span> <span class='ocrx_word' id='word_1_389' title='bbox 670 4214 925 4268; x_wconf 72' lang='lat' dir='ltr'>Januntiin.</span> 
     </span>
    </p>

    <p class='ocr_par' dir='ltr' id='par_1_13' title="bbox 418 4274 1528 4396">
     <span class='ocr_line' id='line_1_52' title="bbox 481 4274 1528 4339; baseline -0.007 -8"><span class='ocrx_word' id='word_1_390' title='bbox 481 4285 560 4331; x_wconf 75' lang='lat'>1³4.</span> <span class='ocrx_word' id='word_1_391' title='bbox 602 4284 660 4331; x_wconf 79' lang='lat'>111</span> <span class='ocrx_word' id='word_1_392' title='bbox 692 4283 818 4330; x_wconf 70' lang='lat' dir='ltr'>exitu</span> <span class='ocrx_word' id='word_1_393' title='bbox 850 4285 923 4327; x_wconf 73' lang='lat' dir='ltr'>est</span> <span class='ocrx_word' id='word_1_394' title='bbox 947 4280 1049 4339; x_wconf 72' lang='lat' dir='ltr'>jum</span> <span class='ocrx_word' id='word_1_395' title='bbox 1081 4290 1206 4323; x_wconf 73' lang='lat' dir='ltr'>mens</span> <span class='ocrx_word' id='word_1_396' title='bbox 1222 4274 1528 4333; x_wconf 58' lang='lat' dir='ltr'>consulatum]</span> 
     </span>
     <span class='ocr_line' id='line_1_53' title="bbox 418 4341 1528 4396; baseline -0.002 -5"><span class='ocrx_word' id='word_1_397' title='bbox 418 4345 676 4395; x_wconf 73' lang='lat' dir='ltr'>Proximus</span> <span class='ocrx_word' id='word_1_398' title='bbox 700 4344 936 4396; x_wconf 77' lang='lat' dir='ltr'>Kalendis</span> <span class='ocrx_word' id='word_1_399' title='bbox 958 4341 1205 4393; x_wconf 75' lang='lat' dir='ltr'>Januariis</span> <span class='ocrx_word' id='word_1_400' title='bbox 1224 4344 1528 4391; x_wconf 75' lang='lat' dir='ltr'>consulatum</span> 
     </span>
    </p>
   </div>
   <div class='ocr_carea' id='block_1_9' title="bbox 417 4409 715 4477">
    <p class='ocr_par' dir='ltr' id='par_1_14' title="bbox 417 4409 715 4477">
     <span class='ocr_line' id='line_1_54' title="bbox 417 4409 715 4477; baseline 0.007 -20"><span class='ocrx_word' id='word_1_401' title='bbox 417 4409 715 4477; x_wconf 58' lang='lat' dir='ltr'>&amp;ponebat-</span> 
     </span>
    </p>
   </div>
   <div class='ocr_carea' id='block_1_10' title="bbox 1589 3558 2706 4388">
    <p class='ocr_par' dir='ltr' id='par_1_15' title="bbox 1589 3558 2706 4127">
     <span class='ocr_line' id='line_1_55' title="bbox 1596 3558 2703 3622; baseline 0.008 -18"><span class='ocrx_word' id='word_1_402' title='bbox 1596 3571 1684 3617; x_wconf 69' lang='grc' dir='ltr'>ραι·</span> <span class='ocrx_word' id='word_1_403' title='bbox 1718 3558 1891 3616; x_wconf 84' lang='lat' dir='ltr'>otium,</span> <span class='ocrx_word' id='word_1_404' title='bbox 1929 3562 2264 3610; x_wconf 70' lang='lat' dir='ltr'>rusticationis</span> <span class='ocrx_word' id='word_1_405' title='bbox 2302 3565 2461 3622; x_wconf 69' lang='lat' dir='ltr'>gratis</span> <span class='ocrx_word' id='word_1_406' title='bbox 2494 3574 2703 3619; x_wconf 80' lang='lat' dir='ltr'>cuntem,</span> 
     </span>
     <span class='ocr_line' id='line_1_56' title="bbox 1591 3623 2706 3690; baseline 0.006 -20"><span class='ocrx_word' id='word_1_407' title='bbox 1591 3625 1683 3670; x_wconf 80' lang='lat' dir='ltr'>hoc</span> <span class='ocrx_word' id='word_1_408' title='bbox 1721 3623 1919 3671; x_wconf 80' lang='lat' dir='ltr'>consilio</span> <span class='ocrx_word' id='word_1_409' title='bbox 1966 3627 2132 3676; x_wconf 78' lang='lat' dir='ltr'>statim</span> <span class='ocrx_word' id='word_1_410' title='bbox 2170 3634 2285 3675; x_wconf 76' lang='lat' dir='ltr'>ante</span> <span class='ocrx_word' id='word_1_411' title='bbox 2312 3641 2573 3687; x_wconf 75' lang='lat' dir='ltr'>vesperam</span> <span class='ocrx_word' id='word_1_412' title='bbox 2604 3628 2706 3690; x_wconf 77' lang='lat' dir='ltr'>ejus</span> 
     </span>
     <span class='ocr_line' id='line_1_57' title="bbox 1593 3688 2704 3752; baseline 0.006 -17"><span class='ocrx_word' id='word_1_413' title='bbox 1593 3688 1690 3735; x_wconf 86' lang='lat' dir='ltr'>diei</span> <span class='ocrx_word' id='word_1_414' title='bbox 1715 3700 1814 3747; x_wconf 86' lang='lat' dir='ltr'>quo</span> <span class='ocrx_word' id='word_1_415' title='bbox 1859 3688 2016 3736; x_wconf 74' lang='lat' dir='ltr'>fuerat</span> <span class='ocrx_word' id='word_1_416' title='bbox 2053 3704 2291 3752; x_wconf 80' lang='lat' dir='ltr'>egressus,</span> <span class='ocrx_word' id='word_1_417' title='bbox 2322 3695 2633 3743; x_wconf 80' lang='lat' dir='ltr'>monentibus</span> <span class='ocrx_word' id='word_1_418' title='bbox 2654 3702 2704 3742; x_wconf 85' lang='lat' dir='ltr'>et</span> 
     </span>
     <span class='ocr_line' id='line_1_58' title="bbox 1593 3753 2704 3816; baseline 0.007 -19"><span class='ocrx_word' id='word_1_419' title='bbox 1593 3753 1872 3811; x_wconf 74' lang='lat' dir='ltr'>rogantibus</span> <span class='ocrx_word' id='word_1_420' title='bbox 1916 3756 2106 3811; x_wconf 70' lang='lat' dir='ltr'>amicis,</span> <span class='ocrx_word' id='word_1_421' title='bbox 2148 3770 2212 3803; x_wconf 80' lang='lat' dir='ltr'>ex</span> <span class='ocrx_word' id='word_1_422' title='bbox 2248 3758 2353 3816; x_wconf 83' lang='lat' dir='ltr'>ipso</span> <span class='ocrx_word' id='word_1_423' title='bbox 2391 3757 2566 3807; x_wconf 73' lang='lat' dir='ltr'>itincre</span> <span class='ocrx_word' id='word_1_424' title='bbox 2611 3759 2704 3805; x_wconf 80' lang='lat' dir='ltr'>Ro-</span> 
     </span>
     <span class='ocr_line' id='line_1_59' title="bbox 1593 3820 2704 3876; baseline 0.005 -11"><span class='ocrx_word' id='word_1_425' title='bbox 1593 3832 1726 3865; x_wconf 71' lang='lat' dir='ltr'>mm</span> <span class='ocrx_word' id='word_1_426' title='bbox 1765 3820 2032 3876; x_wconf 78' lang='lat' dir='ltr'>revertisse,</span> <span class='ocrx_word' id='word_1_427' title='bbox 2089 3828 2140 3868; x_wconf 88' lang='lat' dir='ltr'>ut</span> <span class='ocrx_word' id='word_1_428' title='bbox 2182 3822 2387 3868; x_wconf 74' lang='lat' dir='ltr'>hiesose</span> <span class='ocrx_word' id='word_1_429' title='bbox 2418 3824 2622 3873; x_wconf 79' lang='lat' dir='ltr'>Metello</span> <span class='ocrx_word' id='word_1_430' title='bbox 2651 3831 2704 3870; x_wconf 79' lang='lat' dir='ltr'>et</span> 
     </span>
     <span class='ocr_line' id='line_1_60' title="bbox 1592 3880 2702 3950; baseline 0.006 -22"><span class='ocrx_word' id='word_1_431' title='bbox 1592 3880 1696 3942; x_wconf 76' lang='lat' dir='ltr'>ejus</span> <span class='ocrx_word' id='word_1_432' title='bbox 1731 3882 1916 3931; x_wconf 73' lang='lat' dir='ltr'>furiosis</span> <span class='ocrx_word' id='word_1_433' title='bbox 1968 3886 2179 3933; x_wconf 81' lang='lat' dir='ltr'>consiliis</span> <span class='ocrx_word' id='word_1_434' title='bbox 2214 3896 2507 3945; x_wconf 82' lang='lat' dir='ltr'>opponeret,</span> <span class='ocrx_word' id='word_1_435' title='bbox 2560 3902 2702 3950; x_wconf 83' lang='lat' dir='ltr'>quem</span> 
     </span>
     <span class='ocr_line' id='line_1_61' title="bbox 1596 3948 2706 4010; baseline 0.005 -16"><span class='ocrx_word' id='word_1_436' title='bbox 1596 3949 1684 3996; x_wconf 86' lang='lat' dir='ltr'>hoc</span> <span class='ocrx_word' id='word_1_437' title='bbox 1724 3948 1826 4007; x_wconf 83' lang='lat' dir='ltr'>ipso</span> <span class='ocrx_word' id='word_1_438' title='bbox 1866 3948 1916 3994; x_wconf 89' lang='lat' dir='ltr'>in</span> <span class='ocrx_word' id='word_1_439' title='bbox 1951 3948 2128 3998; x_wconf 82' lang='lat' dir='ltr'>itinere</span> <span class='ocrx_word' id='word_1_440' title='bbox 2172 3950 2234 3997; x_wconf 84' lang='lat' dir='ltr'>ad</span> <span class='ocrx_word' id='word_1_441' title='bbox 2271 3952 2562 4010; x_wconf 80' lang='lat' dir='ltr'>petitionem</span> <span class='ocrx_word' id='word_1_442' title='bbox 2595 3952 2706 4002; x_wconf 80' lang='lat' dir='ltr'>Tri·</span> 
     </span>
     <span class='ocr_line' id='line_1_62' title="bbox 1590 4013 2699 4077; baseline 0.006 -17"><span class='ocrx_word' id='word_1_443' title='bbox 1590 4013 1797 4060; x_wconf 73' lang='lat' dir='ltr'>bonatus</span> <span class='ocrx_word' id='word_1_444' title='bbox 1821 4014 2025 4062; x_wconf 82' lang='lat' dir='ltr'>Romam</span> <span class='ocrx_word' id='word_1_445' title='bbox 2049 4028 2332 4074; x_wconf 75' lang='lat' dir='ltr'>properare.</span> <span class='ocrx_word' id='word_1_446' title='bbox 2365 4021 2584 4077; x_wconf 80' lang='lat' dir='ltr'>primum</span> <span class='ocrx_word' id='word_1_447' title='bbox 2626 4031 2699 4065; x_wconf 81' lang='lat' dir='ltr'>rc·</span> 
     </span>
     <span class='ocr_line' id='line_1_63' title="bbox 1589 4082 1813 4127; baseline -0.004 -1"><span class='ocrx_word' id='word_1_448' title='bbox 1589 4082 1813 4127; x_wconf 76' lang='lat' dir='ltr'>solverat.</span> 
     </span>
    </p>

    <p class='ocr_par' dir='ltr' id='par_1_16' title="bbox 1591 4141 2700 4388">
     <span class='ocr_line' id='line_1_64' title="bbox 1656 4141 2700 4205; baseline 0.005 -13"><span class='ocrx_word' id='word_1_449' title='bbox 1656 4146 1736 4192; x_wconf 75' lang='lat'>43.</span> <span class='ocrx_word' id='word_1_450' title='bbox 1763 4144 1816 4189; x_wconf 87' lang='lat' dir='ltr'><em>A</em></span> <span class='ocrx_word' id='word_1_451' title='bbox 1838 4141 1896 4189; x_wconf 87' lang='lat' dir='ltr'>L.</span> <span class='ocrx_word' id='word_1_452' title='bbox 1926 4142 2149 4201; x_wconf 78' lang='lat' dir='ltr'>Catilina,</span> <span class='ocrx_word' id='word_1_453' title='bbox 2181 4152 2227 4191; x_wconf 77' lang='lat' dir='ltr'>et</span> <span class='ocrx_word' id='word_1_454' title='bbox 2255 4143 2341 4194; x_wconf 78' lang='lat' dir='ltr'>Cn.</span> <span class='ocrx_word' id='word_1_455' title='bbox 2360 4145 2575 4205; x_wconf 54' lang='lat' dir='ltr'>Pisonum]</span> <span class='ocrx_word' id='word_1_456' title='bbox 2613 4149 2700 4195; x_wconf 80' lang='lat' dir='ltr'>Lo·</span> 
     </span>
     <span class='ocr_line' id='line_1_65' title="bbox 1591 4205 2700 4275; baseline 0.003 -19"><span class='ocrx_word' id='word_1_457' title='bbox 1591 4210 1760 4267; x_wconf 81' lang='lat' dir='ltr'>quitur</span> <span class='ocrx_word' id='word_1_458' title='bbox 1781 4205 1843 4252; x_wconf 81' lang='lat' dir='ltr'>de</span> <span class='ocrx_word' id='word_1_459' title='bbox 1889 4209 2047 4263; x_wconf 78' lang='lat' dir='ltr'>prima</span> <span class='ocrx_word' id='word_1_460' title='bbox 2083 4207 2423 4269; x_wconf 79' lang='lat' dir='ltr'>conjuratione</span> <span class='ocrx_word' id='word_1_461' title='bbox 2463 4227 2574 4275; x_wconf 64' lang='lat' dir='ltr'>quo</span> <span class='ocrx_word' id='word_1_462' title='bbox 2613 4213 2700 4259; x_wconf 79' lang='lat' dir='ltr'>Le·</span> 
     </span>
     <span class='ocr_line' id='line_1_66' title="bbox 1593 4271 2700 4332; baseline 0.003 -12"><span class='ocrx_word' id='word_1_463' title='bbox 1593 4274 1709 4332; x_wconf 79' lang='lat' dir='ltr'>pido</span> <span class='ocrx_word' id='word_1_464' title='bbox 1730 4279 1786 4320; x_wconf 86' lang='lat' dir='ltr'>et</span> <span class='ocrx_word' id='word_1_465' title='bbox 1818 4271 2052 4320; x_wconf 76' lang='lat' dir='ltr'>Volcatio</span> <span class='ocrx_word' id='word_1_466' title='bbox 2095 4275 2230 4323; x_wconf 80' lang='lat' dir='ltr'>Coss.</span> <span class='ocrx_word' id='word_1_467' title='bbox 2258 4276 2393 4324; x_wconf 67' lang='lat' dir='ltr'>facta</span> <span class='ocrx_word' id='word_1_468' title='bbox 2414 4286 2510 4328; x_wconf 76' lang='lat' dir='ltr'>est.</span> <span class='ocrx_word' id='word_1_469' title='bbox 2580 4277 2700 4325; x_wconf 80' lang='lat' dir='ltr'>Vide</span> 
     </span>
     <span class='ocr_line' id='line_1_67' title="bbox 1592 4341 1782 4388; baseline -0.011 0"><span class='ocrx_word' id='word_1_470' title='bbox 1592 4341 1782 4388; x_wconf 60' lang='lat' dir='ltr'>Sallust.</span> 
     </span>
    </p>
   </div>
   <div class='ocr_carea' id='block_1_11' title="bbox 2960 3822 2964 4350">
    <p class='ocr_par' dir='ltr' id='par_1_17' title="bbox 2960 3822 2964 4350">
     <span class='ocr_line' id='line_1_68' title="bbox 2960 3822 2964 4350; baseline 0 0"><span class='ocrx_word' id='word_1_471' title='bbox 2960 3822 2964 4350; x_wconf 95' lang='lat' dir='ltr'> </span> 
     </span>
    </p>
   </div>
  </div>
 </body>
</html>
