2984 4942
733 343 1099 464 oRA'mo'
1126 388 1312 461 PRO
1354 397 1429 460 L.
1476 390 1922 477 MURAENA,
2376 402 2506 468 ιτς)

225 529 327 597 illo
355 524 626 618 gravior?
697 527 1064 615 sapientior?
1139 530 1381 593 Poffum
1435 530 1512 591 de
1551 529 1628 591 L.
1659 529 1951 614 Philippo,
1994 533 2070 596 de
2099 530 2173 598 C.
2212 532 2422 613 Gallo,-

229 622 424 684 dicere
445 621 579 682 haec
610 617 859 681 eadem:
905 617 1004 680 sed
1020 616 1084 681 'te
1114 618 1363 681 domurn
1397 618 1525 702 jam
1558 617 1856 680 deducam
1905 634 2091 683 tuam.
2180 624 2512 709 Quem-70

223 730 482 792 quamne
571 704 869 768 existimas
929 705 1161 767 Catone
1224 726 1445 790 proavo
1504 719 1607 769 tuo
1662 708 2151 783 commodiorem,
2195 712 2424 776 cornio-

223 814 380 870 rern,
427 794 886 857 moderatiorem
928 792 1100 856 fuiffe
1142 794 1217 855 ad
1256 813 1504 855 omnem
1556 792 1855 856 rationem
1884 792 2300 860 humanitatis?
2346 800 2428 863 de

227 884 397 966 cujus
428 881 731 965 praestanti
756 880 972 945 virtute
1019 902 1161 943 cum
1208 900 1350 942 vere
1407 881 1791 966 graviterque
1849 880 2100 959 diceres,
2145 884 2428 949 domesti-

223 989 371 1031 cum
392 983 453 1032 te
490 968 711 1031 habere
743 968 939 1030 dixisti
967 968 1321 1051 exemplum
1382 970 1457 1029 ad
1495 968 1879 1030 imitandum.
1972 968 2076 1031 Est
2130 971 2269 1034 illud
2299 974 2428 1055 qui-

223 1056 366 1119 dem
394 1056 743 1140 exemplum
779 1054 887 1118 tibi
938 1056 1309 1141 propositum
1340 1055 1530 1118 domi:
1576 1055 1677 1118 sed
1709 1070 1914 1118 tamen
1960 1072 2199 1119 naturae
2231 1059 2515 1126 simili-75

224 1144 367 1207 tudo
401 1144 550 1207 illius
580 1144 659 1206 ad
689 1159 749 1206 te
782 1141 995 1226 magis,
1026 1144 1134 1227 qui
1163 1144 1238 1205 ab
1261 1142 1365 1204 illo
1396 1157 1559 1206 ortus
1592 1162 1677 1219 eS,
1701 1165 1885 1226 quam
1916 1144 1993 1205 ad
2023 1162 2435 1227 unumquem-

224 1252 341 1313 que
374 1229 652 1294 nostrum
686 1231 998 1315 pervenire
1027 1230 1252 1314 potuit:
1304 1230 1379 1291 ad
1406 1230 1765 1293 imitandum
1804 1253 1948 1294 vero
1979 1252 2102 1295 tam
2124 1232 2275 1296 mihi
2306 1254 2438 1316 pro-

220 1318 484 1403 positum
504 1320 809 1400 exemplar
832 1317 982 1379 illud
1013 1317 1125 1394 est,
1173 1336 1352 1400 quam
1385 1315 1512 1379 tibi.
1602 1317 1725 1381 Sed
1786 1317 1826 1379 si
1859 1319 2017 1382 illius
2061 1321 2437 1396 comitatem,

217 1419 282 1469 et
324 1404 687 1468 facilitatem
734 1421 863 1468 tuae
915 1404 1195 1490 gravitati
1253 1403 1669 1488 severitatique
1721 1405 2090 1487 adsperseris,
2157 1428 2284 1470 non
2331 1406 2441 1469 ista

219 1492 470 1574 quidem
505 1509 685 1555 erunt
717 1493 987 1566 meliora,
1035 1514 1180 1574 quae
1210 1492 1369 1555 nunc
1421 1492 1561 1556 sunt
1603 1496 1851 1575 optima,
1882 1493 1983 1557 sed
2014 1508 2175 1557 certe
2197 1495 2526 1560 conditasso

202 1580 553 1665 jucundius.

304 1665 485 1728 XIV.
517 1666 752 1751 Quare,
813 1678 877 1727 ut
927 1665 1004 1728 ad
1056 1665 1117 1726 id
1170 1666 1327 1748 quod
1379 1663 1611 1728 institui
1667 1680 1952 1742 revertar,
1998 1669 2143 1731 tolle
2190 1670 2343 1732 mihi
2400 1691 2438 1732 e

223 1753 397 1817 causa
440 1772 469 1805 ι
502 1774 728 1815 nomen
788 1752 1066 1816 Catonis:
1112 1774 1379 1829 remove,
1424 1774 1495 1815 ac
1548 1758 1944 1837 praetermitte
1997 1755 2442 1835 auffloritatem‚

227 1862 366 1924 quae
400 1841 465 1903 in
489 1841 733 1927 judiciis
784 1854 886 1904 aut
935 1841 1087 1904 nihil
1129 1842 1349 1916 valere,
1392 1856 1498 1904 aut
1530 1842 1604 1902 ad
1663 1840 1914 1906 salutem
1967 1844 2148 1906 debet
2193 1846 2439 1920 valere3

230 1931 605 2015 congredere
637 1949 877 1991 mecum
902 1927 1259 1990 criminibus
1288 1928 1447 2011 ipsis.
1540 1928 1708 2013 Quid
1760 1930 2022 2003 accusas,
2053 1931 2243 1993 Cato?
2291 1934 2442 2016 quid

221 2017 403 2080 affers
458 2016 520 2079 in
559 2014 901 2100 judicium?
949 2016 1096 2095 quid
1155 2015 1394 2099 arguis?
1468 2015 1791 2077 Ambitum
1835 2015 2112 2077 accusas?
2157 2038 2282 2079 non
2336 2020 2446 2082 de-
2488 2026 2527 2079 5

217 2102 431 2168 sendo.
521 2103 634 2165 Me
656 2101 1068 2188 reprehendis,
1116 2102 1282 2185 quod
1310 2100 1475 2164 idem
1512 2101 1858 2178 defendam,
1905 2104 2071 2184 quod
2101 2103 2235 2187 lege
2264 2107 2445 2187 puni-

218 2190 461 2254 verim?
507 2190 717 2274 punivi
777 2186 1097 2266 ambitum,
1141 2210 1267 2251 non
1322 2193 1756 2253 innocentiam:
1801 2189 2098 2253 ambitum
2167 2213 2310 2254 vero
2351 2191 2446 2276 ip-

220 2275 363 2341 sum
394 2278 494 2339 vel
522 2290 729 2339 tecum
760 2276 1073 2352 accusab0,
1120 2275 1160 2336 s1
1182 2276 1368 2337 voles.
1457 2275 1680 2339 Dixisti
1702 2276 2294 2357 senatusconsultum,
2342 2302 2445 2346 me

220 2367 562 2440 referente,
606 2363 723 2425 esse
767 2362 1024 2427 facium.
1114 2361 1182 2426 Si
1240 2365 1523 2428 mercede
1560 2364 1827 2448 corrupti
1875 2365 2115 2451 obviam
2162 2369 2446 2433 candida·-

210 2452 296 2516 tis
336 2453 537 2527 iffent,
584 2451 625 2513 si
673 2449 963 2515 condudii
1011 2449 1403 2526 seciarentur,
1478 2451 1519 2513 fi
1566 2451 2229 2540 gladiatoribus-vulgo
2277 2457 2531 2522 locuslo

229 2539 539 2616 tributim,
563 2552 629 2601 et
656 2537 802 2602 item
833 2538 1134 2619 prandiafi
1163 2538 1342 2624 vulgo
1387 2538 1572 2602 essent
1609 2540 1784 2623 data3
1832 2553 2044 2604 contra
2073 2541 2271 2624 legem
2304 2543 2447 2605 Cal-

230 2627 513 2709 purniam
544 2626 780 2689 facturn
841 2627 1044 2689 videri.
1136 2626 1298 2711 Ergo
1350 2631 1429 2689 ita
1456 2626 1712 2690 Senatus
1749 2628 1980 2713 judicat
2009 2641 2217 2689 contra
2246 2627 2449 2713 legem

225 2714 405 2779 faeta
462 2714 596 2777 haec
647 2713 859 2788 videri,
905 2714 945 2775 fi
976 2713 1142 2777 faita
1182 2714 1321 2776 fint:
1367 2715 1660 2789 decernit,
1707 2716 1872 2797 quod
1935 2712 2085 2776 nihil
2130 2735 2286 2796 opus
2331 2714 2443 2791 est,

227 2802 381 2865 dum
416 2802 750 2866 candidatis
797 2820 1031 2863 morem
1081 2802 1266 2885 gerit3
1313 2821 1453 2863 narn
1475 2800 1714 2863 &Cium
1749 2800 1839 2873 fit,
1884 2820 2101 2874 necne,
2121 2799 2447 2864 vehemen-

224 2903 318 2954 ter
351 2894 678 2974 quaeritur;
724 2887 766 2949 fi
795 2886 1027 2951 saElum
1068 2887 1160 2962 fit,
1205 2891 1348 2969 quin
1391 2901 1602 2951 contra
1645 2887 1845 2972 legem
1875 2886 1967 2963 fit,
2011 2885 2280 2953 dubitare
2337 2897 2529 2955 rie-15

2531 2860 2572 2883 Χ

1114 3120 1146 3152 ⁸
1175 3107 1578 3172 &Horitatm

280 3311 364 3358 69.
402 3307 466 3356 L.
492 3303 749 3369 Philippa]
782 3304 1138 3367 Phnippusine
1157 3304 1346 3353 Gracia
1407 3303 1641 3367 quaelibet
1658 3304 1892 3367 explicat.

212 3375 372 3423 literis
386 3371 653 3428 excelluit,
675 3378 731 3418 ut
750 3370 873 3419 dicit
892 3373 997 3419 Cic.
1020 3371 1065 3418 in
1095 3371 1260 3417 Bruto.
1478 3372 1551 3417 10.
1607 3371 1827 3418 conducti
1878 3369 2205 3429 serimentum]
2275 3372 2511 3431 Homines

280 3441 355 3487 lb.
389 3438 474 3487 De
495 3435 550 3484 0.
581 3435 768 3494 Galla]
802 3437 879 3483 De
896 3437 1040 3484 Gallo
1062 3434 1270 3495 loquitur
1289 3448 1343 3481 e-
1410 3434 1627 3495 pecunia
1645 3436 1866 3495 corrupti
1892 3437 2083 3484 honoris
2103 3449 2254 3483 causa
2278 3439 2522 3486 candida·

214 3503 340 3553 tiam
378 3504 432 3550 in
478 3502 645 3549 Bruto.
719 3501 999 3559 Astrologiae
1017 3498 1343 3559 peritissimus
1407 3506 1502 3557 tos,
1536 3514 1648 3546 ctum
1674 3498 1720 3548 iu
1747 3515 1981 3560 campum
1998 3501 2233 3549 Martium
2250 3503 2508 3552 veniebant

214 3569 323 3615 fuit.
397 3567 500 3614 Hic
523 3566 586 3612 de
607 3565 863 3626 Liguribus
882 3563 1214 3623 triumphavit.
1410 3564 1754 3624 sequebantur,
1803 3572 1858 3612 ut
1901 3567 2015 3613 inde
2051 3570 2318 3626 appareret
2353 3538 2532 3630 popurss

281 3635 364 3683 80.
404 3628 653 3687 Condita]
687 3631 898 3679 Condita
918 3628 1254 3677 ncondiendo.
1408 3644 1558 3691 quam
1582 3629 1716 3689 digni
1742 3636 1906 3677 essent
1927 3631 2236 3689 Magistrum.

286 3703 332 3745 1.
404 3696 564 3745 Quare
578 3702 631 3742 ut
650 3696 717 3742 ad
730 3696 782 3742 id
796 3696 916 3757 quod
929 3693 1156 3752 institui]
1205 3693 1350 3741 Redit
1480 3694 1554 3740 lb.
1595 3692 1990 3754 Gladiatoribus]
2056 3694 2277 3742 Vetabat
2314 3692 2399 3743 ina
2440 3699 2528 3745 lex

216 3759 283 3807 ad
301 3776 429 3818 rem,
448 3759 676 3821 petitque
698 3766 751 3807 ut
771 3760 834 3806 ab
852 3760 946 3806 hac
978 3772 1128 3805 causa
1150 3759 1349 3805 Catonis
1413 3771 1474 3804 ne
1497 3758 1604 3818 quis
1629 3772 1805 3805 munus
1841 3759 2178 3819 gladiatorium
2214 3759 2413 3808 biennio
2431 3775 2529 3823 qun

212 3835 533 3875 amoventur
561 3825 849 3880 auctoritas,
870 3836 979 3885 quae
1010 3826 1118 3884 plus
1155 3823 1341 3869 Μαι-ω·
1408 3822 1755 3881 Magistratum
1795 3824 2024 3883 petierat,
2060 3822 2355 3882 petitur-usve
2400 3833 2527 3880 erat,

211 3904 309 3947 na,
339 3903 500 3954 quam
513 3888 710 3948 objecta
733 3888 823 3949 ipsi
843 3888 1069 3945 crimina,
1085 3900 1194 3948 quoe
1213 3889 1345 3934 uuna
1406 3888 1591 3946 ederet,
1642 3888 1733 3934 nisi
1773 3901 1837 3934 ex
1887 3892 2189 3935 testamento
2252 3889 2530 3949 praestituta

212 3962 352 4011 sunt,
387 3966 565 4002 nocere
583 3960 761 4015 potest.
1407 3952 1506 4000 die.
2545 3990 2552 3997 .

283 4021 336 4066 3.
371 4018 496 4065 212ae
510 4014 799 4076 inJude‘ciis]
836 4017 893 4065 ln
911 4014 1119 4064 Judieiis
1144 4028 1240 4062 non
1255 4014 1340 4062 de·
1479 4020 1553 4065 Η.
1605 4015 1772 4079 Legem
1810 4013 2256 4079 Caspurniam.]·De
2293 4018 2387 4065 bno
2416 4018 2525 4083 lege

212 4085 303 4143 het
325 4081 519 4129 attendi
534 4083 826 4131 accusatoris
855 4080 1143 4138 auctoritas,
1164 4088 1221 4126 ut
1234 4081 1344 4140 quis
1397 4078 1705 4141 jamdictum
1727 4086 1815 4129 est.
2551 4110 2554 4115 -

215 4151 516 4200 damnetur,
549 4147 632 4192 sed
648 4147 809 4207 potius
825 4147 1117 4193 absolvatur.
1476 4146 1548 4194 lb.
1589 4142 1761 4193 Contra
1785 4149 1924 4209 legem
1947 4143 2132 4203 uidem]
2152 4147 2199 4195 Si
2224 4148 2332 4192 haec
2358 4141 2525 4189 omnia

280 4214 336 4259 ’1.
375 4209 560 4259 Ριιπὲυἰ
573 4209 824 4269 ambitum]
847 4212 1084 4258 Cicerone
1105 4209 1345 4257 referente
1411 4225 1442 4258 a
1465 4211 1692 4258 Muraena
1713 4213 2116 4266 comminuunt,
2133 4222 2243 4270 quae
2259 4213 2396 4253 vetat
2417 4208 2521 4263 lex,

215 4276 279 4324 ad
296 4268 1251 4326 senatum.Senatusconsustumfaetum
1268 4280 1344 4320 est
1407 4288 1503 4323 non
1525 4278 1600 4323 est
1613 4274 1813 4322 dubium
1833 4278 1950 4337 quin
1970 4280 2143 4323 contra
2167 4275 2321 4331 legem
2343 4283 2524 4332 pecca·—

215 4337 698 4392 deambitu,contn
713 4354 857 4398 quem
873 4339 1155 4397 legemtulit
1172 4338 1344 4386 Cicero
1378 4362 1381 4365 ·
1410 4341 1634 4399 verit;at
1658 4340 1778 4397 haec,
1822 4347 1909 4388 aut
1927 4352 2097 4387 eorum
2133 4335 2294 4407 aliqua
2332 4334 2520 4395 fecisse,

211 4402 359 4465 cujus
375 4403 692 4465 sequentihus
713 4405 936 4464 proxime
969 4404 1130 4453 verbis
1161 4410 1348 4465 puncta
1411 4403 1613 4465 probare
1635 4402 1818 4459 debent
1834 4400 2106 4452 adversarii,
2151 4422 2168 4446 .·

1351 4473 1426 4523 28
