2984 4942
251 508 380 610 ipse
397 527 604 589 aetem
628 520 886 607 quodvis
894 520 1244 608 periculum
1268 519 1652 605 adire‚quam
1670 542 1706 585 a
1725 534 1963 609 sperata
1980 521 2224 603 fflemdi
2243 522 2436 609 gloria
2454 524 2579 591 diz-

252 614 471 687 cedere
488 609 1001 688 maneeAthenas
1020 608 1340 694 profectus
1350 608 1571 685 est,ubi
1588 625 1964 677 commutato
1980 628 2204 699 genere
2222 612 2466 676 dicendi
2487 614 2579 676 vi—

253 700 403 763 tavit
418 698 788 785 periculum:
816 717 962 760 nam
979 696 1420 781 temperantius
1440 696 1570 760 fine
1583 697 1685 760 illa
1701 696 1933 763 summa
1947 702 2115 766 vocis
2136 721 2208 764 ac
2229 699 2418 763 totius
2440 719 2578 764 cor-

253 786 421 873 poris
436 786 825 850 contentione
841 785 1020 849 dixit:
1037 798 1145 848 ant
1225 804 1369 848 uam
1387 782 2015 861 discederenAretinae
2039 788 2312 852 mulieris
2331 786 2574 852 causam

253 873 554 938 defendit.
615 872 879 936 Athenis
909 871 1011 937 sex
1034 805 1272 936 megpee
1294 888 1442 935 cum
1466 869 1809 950 Antiocho,
1833 873 2148 939 clariffimo
2167 872 2572 960 Philosophq

255 960 525 1025 studium
540 958 943 1046 Philosophiae
963 980 1281 1044 nunquam
1299 956 1609 1024 intermiff
1598 972 1705 1023 um
1723 952 1801 1025 ab
1819 959 2211 1027 abolescentia
2233 963 2576 1041 renovavit:

254 1038 591 1136 Epicureos
617 1047 951 1115 Phaedrum
971 1062 1033 1113 et
1051 1042 1373 1113 Zenonem
1394 1046 1754 1134 frequenter
1781 1069 1929 1113 cum
1962 1050 2171 1115 Attico
2200 1050 2454 1115 audivit.

761 1221 1072 1287 ANNUS
1116 1221 1386 1287 muns
1431 1220 1868 1288 coNDrrAE
1913 1224 2068 1290 675.

263 1356 395 1445 off.
426 1354 535 1418 M.
558 1348 809 1419 AEmiuo
826 1350 1059 1438 Lepido,
1086 1351 1179 1441 52.
1209 1354 1449 1456 putatio
1472 1352 1668 1418 catulo
1683 1368 1814 1420 ante
1834 1352 2115 1442 chnstum
2138 1353 2247 1419 77.
2305 1354 2575 1436 ciem

1153 1442 1449 1528 mgffimus
1477 1465 1674 1509 nonus.

342 1573 488 1641 Hoc
509 1595 674 1639 anno
691 1573 1026 1661 pediculari
1048 1573 1270 1640 morbo
1286 1574 1352 1639 in
1367 1595 1515 1661 agro
1536 1575 1821 1640 Cumano
1842 1588 2123 1641 mortuus
2139 1574 2228 1641 est
2252 1574 2441 1662 Sylla,
2463 1597 2574 1641 cn-

252 1659 355 1751 jus
384 1685 528 1727 cum
556 1683 722 1728 mors
753 1662 1038 1728 Ciceroni
1059 1661 1405 1729 renuntiata
1427 1662 1540 1739 est,
1568 1661 1930 1728 confirmata
1950 1654 2080 1751 jam
2102 1659 2473 1741 valetudine,
2504 1679 2571 1731 et

260 1760 265 1765 ’
301 1751 537 1815 recibus
554 1749 892 1816 amicorum
909 1758 972 1815 et
992 1749 1287 1817 Antiochi
1302 1750 1724 1817 cohortatione
1743 1750 2013 1816 Romam
2031 1752 2226 1817 redire
2246 1749 2474 1828 statuit,
2498 1767 2570 1815 ut

252 1772 739 1924 {lempublicam
768 1839 1108 1924 capefl'eret.
1175 1834 1441 1903 Athenis
1468 1838 1636 1924 apud
1662 1838 2056 1905 Demetrium
2084 1861 2209 1904 non
2233 1837 2568 1925 ignobilem

257 1926 504 1990 dicendi
523 1922 873 2011 magistrum
881 1925 1301 1989 exercebatur:
1318 1925 1451 2012 post
1460 1927 1866 1993 totamAfiam
1882 1926 2154 1991 lustravit
2162 1949 2305 1992 cum
2318 1920 2573 1993 summis

259 2012 619 2079 oratoribus.
667 2014 926 2077 Audivit
954 2013 1326 2098 Menippum
1346 2034 1420 2077 co
1508 2028 1758 2077 omento
1785 2013 2108 2090 Catocam,
2136 2010 2405 2079 nobilem
2433 2035 2572 2078 ora-

258 2104 486 2178 torem:
504 2099 1373 2187 XenoclemAdramyttennm
1512 2099 2113 2189 chylum,Cnidium;
2135 2098 2571 2165 aslidueautem

257 2189 383 2253 fuit
402 2210 550 2255 cum
576 2187 877 2255 Cicerone
899 2188 1230 2276 Dionyfius
1251 2187 1540 2275 Magnes.
1613 2184 1812 2253 Venit
1838 2187 2161 2264 Rhodum,
2192 2187 2298 2252 ubi
2320 2187 2570 2267 iterum,

259 2297 451 2360 quem
462 2275 592 2361 jam
613 2275 838 2341 Roma:
856 2277 1178 2341 Molonem
1202 2276 1534 2354 audiverat,
1554 2276 1985 2361 frequentavit,
2010 2278 2120 2362 qui
2137 2276 2309 2341 actor
2325 2275 2391 2339 in
2409 2275 2570 2341 veris

257 2363 476 2440 causis,
493 2362 867 2448 scriptorque
886 2364 1128 2441 nobilis,
1150 2377 1213 2428 et
1229 2363 1295 2426 in
1315 2365 1599 2429 notandis
1615 2363 2106 2451 corrigendisque
2123 2364 2374 2441 vitii3,et
2400 2362 2571 2427 insti,-

256 2452 517 2527 tuendo,
541 2451 940 2537 docendoque
959 2449 1453 2537 prudentissimus
1479 2452 1621 2516 suit.
1684 2452 1744 2518 Is
1766 2452 1970 2518 effecit
1993 2467 2063 2518 ut
2090 2451 2310 2517 Cicero
2336 2453 2565 2516 redun-

256 2540 507 2627 dantem
536 2539 719 2604 nimie
744 2540 916 2604 illam
945 2540 1190 2605 dicendi
1217 2541 1457 2627 copiam
1485 2541 1861 2626 reprimeret.
1927 2540 2054 2604 Hic
2094 2540 2289 2604 fertur
2331 2540 2563 2626 rogafl'e

256 2626 625 2694 Ciceronem
654 2626 901 2694 Graecae
928 2628 1013 2693 lin
1101 2650 1155 2693 π
1183 2631 1425 2707 rudem,
1455 2644 1529 2694 ut
1555 2628 1779 2695 Graece
1808 2629 2204 2693 declamaret:
2239 2628 2462 2713 paruit,
2493 2641 2567 2690 ut

255 2715 335 2780 ab
363 2737 438 2779 eo
467 2717 914 2781 emendaretur.
992 2651 1157 2780 gin:
1180 2732 1387 2782 autem
1408 2718 1613 2783 caeteri
1642 2718 1837 2780 multa
1865 2710 1943 2783 de
1971 2714 2271 2781 Cicerone
2299 2713 2559 2801 gloriose

258 2804 682 2888 praedicarent,
708 2804 861 2868 nihil
883 2804 1109 2871 laetitiae
1138 2826 1263 2890 pra:
1280 2796 1342 2871 se
1362 2805 1507 2870 tulit
1524 2798 1732 2869 Molo:
1759 2804 1928 2889 quod
1957 2824 2102 2868 cum
2124 2824 2287 2887 aegre
2316 2801 2571 2865 Cicero-

250 2911 403 2955 nem
445 2891 608 2957 ferre
650 2890 929 2969 sensisset,
978 2891 1365 2958 exclamavit:
1414 2889 1489 2955 Te
1517 2894 1716 2967 miror,
1766 2893 1987 2963 Cicerv,
2029 2902 2083 2948 et
2126 2887 2311 2963 laudo,
2335 2885 2448 2971 fid
2485 2910 2572 2950 me

260 2977 871 3124 Grecorurxobfoe-tunae
915 2980 1152 3062 miseret,
1194 3004 1322 3038 cum
1352 2978 1601 3049 videam,
1643 2974 1902 3037 doctrine
1928 2987 1983 3034 et
2009 2974 2318 3058 eloquentia
2344 2973 2568 3038 laudem

255 3064 511 3149 quaejbla
639 3067 689 3123 is
716 3063 971 3149 rgstahat,
987 3076 1099 3145 per
1120 3074 1180 3127 te
1204 3060 1285 3124 ad
1308 3060 1594 3125 Romanos
1619 3055 1955 3147 tratssatum
1983 3061 2082 3124 iri.

759 3213 1072 3281 ANNUS
1116 3215 1385 3282 URBIS
1432 3212 1864 3281 CONDITAE
1909 3219 2059 3283 676.

348 3356 480 3445 Coffi
510 3355 599 3419 D.
634 3354 823 3446 Junio
849 3353 1056 3432 Bruto,
1082 3354 1335 3423 AEmilio
1364 3355 1576 3439 Lepide
1604 3352 1885 3437 Levium,
1919 3369 2054 3420 ante
2086 3355 2364 3445 Christum
2396 3356 2502 3425 76.

1093 3446 1375 3508 Ciceronis
1402 3444 1733 3532 trigefim.

242 3635 253 3653 ·.
341 3576 486 3640 Hoc
514 3596 678 3641 anno
708 3573 768 3638 se
790 3574 1011 3639 Cicero
1032 3575 1262 3663 recepit
1280 3598 1316 3640 e
1339 3574 1608 3655 Graecia,
1634 3574 1885 3649 biennio
1908 3575 2043 3663 post
2065 3598 2254 3661 quam
2271 3575 2396 3642 huc
2427 3596 2568 3662 pro-

254 3664 465 3730 haus
485 3678 637 3740 erat,
663 3677 831 3727 totus
852 3672 1010 3749 pene
1032 3677 1326 3728 mutatus.
1403 3663 1570 3729 Cum
1599 3678 1807 3728 autem
1838 3663 2078 3729 summo
2102 3662 2303 3728 studio
2329 3678 2572 3750 raper&

256 3769 362 3819 tur
388 3753 467 3816 ad
494 3751 775 3839 gloriam,
803 3752 985 3814 ardor
1013 3751 1148 3836 ejus
1175 3751 1426 3816 oraculo
1454 3753 1725 3837 quodam
1751 3750 2052 3836 repressus
2082 3751 2199 3817 est:
2244 3772 2390 3816 nam
2419 3770 2570 3818 cnm

246 3839 523 3926 -Delphis
552 3832 706 3902 illfid
734 3838 1140 3916 consuluisset,
1165 3838 1496 3925 respondit,
1527 3838 1696 3905 suam
1722 3854 1791 3904 ut
1813 3855 2116 3917 naturam,
2146 3862 2272 3905 non
2294 3841 2574 3903 multitu·

254 3928 416 3992 dinis
443 3925 821 4012 opinionem,
867 3927 1091 3989 ducem
1140 3927 1281 3992 vitae
1326 3926 1709 4011 sequeretur:
1754 3948 1943 4012 quare
1988 3927 2259 3991 Romam
2304 3926 2573 3993 reversus

254 4015 471 4080 timide
489 4012 666 4092 vixit,
692 4029 758 4081 et
774 4035 887 4100 per
905 4029 1335 4100 contemptum
1357 4015 1685 4091 Graculus
1711 4016 2054 4102 appellatus
2082 4014 2201 4081 est:
2230 4015 2333 4080 sed
2351 4013 2573 4101 partim

254 4104 465 4187 patrie,
493 4103 716 4188 partim
747 4101 1086 4167 amicornm
1115 4101 1660 4181 adhortationibus,
1690 4103 1752 4167 se
1774 4118 1975 4168 totum
1997 4103 2352 4189 patrociniis
2381 4100 2576 4178 dedit,

254 4204 427 4254 tanta
452 4211 637 4276 porro
664 4189 980 4268 felicitate,
1029 4206 1099 4253 ut
1131 4190 1372 4256 dicendi
1417 4192 1610 4279 gloria
1654 4192 1923 4276 reliquos
1951 4208 2220 4257 oratores
2263 4184 2574 4272 superarit.

254 4275 599 4431 22⁰0?ssss
628 4277 969 4438 ξῗὲιαξεὲιίιζ
998 4280 1288 4367 privatus,
1335 4294 1397 4344 et
1427 4281 1629 4346 adhuc
1675 4278 1879 4366 Eques
1924 4301 2036 4365 pro
2067 4276 2334 4361 Consule
2369 4291 2580 4352 contra
