2984 4942
449 378 593 437 ηε·
1111 365 1217 431 ΜΣ
1255 364 1564 431 TULIJII
1609 360 2070 430 CICERONIS

530 507 594 567 in
624 504 791 566 foro:
837 504 916 566 dii
956 501 1358 566 immortales!
1410 498 1533 565 fine
1588 501 1823 587 gemitu
1861 499 1979 565 hoc
2011 499 2128 563 dici
2180 516 2304 560 non
2357 496 2575 579 potest3
2619 507 2782 566 ndu?

502 614 712 655 nemo
756 590 941 653 etiam
986 592 1050 651 in
1079 589 1182 652 illo
1213 588 1466 652 sacrario
1496 589 1731 673 reipub.
1788 590 1851 650 in
1903 588 2049 672 ipsa,
2095 586 2367 669 inquam,
2416 589 2576 651 curia
2623 611 2782 655 nons

535 700 719 742 nemo
752 677 939 741 hostis
968 676 1074 739 est.
1164 677 1275 739 Dii
1304 694 1335 728 e
1371 677 1587 753 faxint,
1634 692 1696 740 ut
1748 697 1916 739 meus
1961 676 2214 760 collega,
2259 674 2352 736 vir
2379 673 2757 755 fortissimuS,

530 767 649 831 hoc
681 766 960 828 Catilinae
989 764 1292 827 nefarium
1323 766 1700 828 latrocinium
1732 778 1994 827 armatus
2039 763 2373 845 opprimat:
2420 785 2537 849 ego
2583 779 2776 851 toga·-

454 863 653 930 85tus‚
682 852 878 929 vobis,
939 852 1234 935 bonisque
1274 854 1554 916 omnibus
1583 851 1987 937 adjutoribuS,
2043 850 2165 912 hoo
2195 851 2364 932 quod
2395 866 2777 937 conceptum·

539 941 873 1026 respublica
902 939 1242 1025 periculum
1295 941 1568 1022 parturit,
1614 937 1861 1004 consilio
1891 938 2211 1001 discutiam
2241 952 2305 1000 et
2334 948 2776 1023 comprimam*

488 1032 501 1043 '
533 1031 656 1094 Sed
698 1029 847 1113 quid
876 1029 1123 1090 tandem
1166 1027 1292 1102 fiet,
1340 1028 1381 1090 fi
1425 1029 1563 1092 haec
1611 1028 1801 1111 elapsa
1852 1028 1929 1089 de
1960 1024 2234 1089 manibus
2271 1026 2488 1089 nostris
2517 1029 2581 1091 in
2611 1051 2776 1093 eum-

538 1138 791 1192 annum,
838 1118 939 1200 qui
979 1116 1383 1198 consequitur,
1428 1114 1873 1180 redundarint?
1919 1114 2104 1177 Unus
2156 1118 2267 1175 erit
2317 1114 2542 1192 consul,
2590 1132 2656 1178 et
2707 1118 2772 1180 is=

538 1226 664 1269 non
710 1204 1181 1269 administrando
1208 1204 1390 1279 belle,
1438 1204 1541 1267 sed
1593 1205 1657 1265 in
1709 1201 2063 1266 sufficiendo
2123 1202 2356 1287 collega
2402 1220 2770 1285 occupatum·

457 1294 706 1358 9ol1unc
731 1294 858 1378 jam
890 1293 996 1376 qui
1026 1292 1375 1376 impedituri
1405 1292 1542 1368 sint,
1596 1293 1675 1329 *¹*
1705 1289 1817 1353 Illa
1858 1289 2034 1375 pestis
2057 1289 2368 1367 immanis,
2415 1295 2770 1374 importuna-

538 1382 825 1444 Catilinae
855 1395 1231 1464 prorumpet,
1263 1403 1380 1462 qua
1424 1379 1675 1463 poterit,
1721 1394 1784 1441 et
1816 1380 1946 1463 jam
1991 1378 2216 1461 populo
2246 1377 2535 1441 Romano
2567 1380 2775 1443 mina-

536 1485 664 1531 tur:
710 1469 772 1530 in
798 1489 973 1554 agros
1003 1467 1375 1530 suburbanos
1404 1481 1655 1549 repente
1686 1468 1759 1529 ad
1789 1466 2044 1528 volabit:
2091 1464 2419 1528 versabitur
2463 1467 2529 1528 in
2560 1466 2774 1530 castris·

539 1556 731 1629 furor,
777 1555 840 1615 in
872 1554 1037 1616 curia
1068 1556 1273 1625 timor,
1317 1553 1383 1613 in
1412 1552 1549 1614 foro
1580 1553 1937 1637 conjuratiO,
1985 1558 2044 1616 in
2075 1572 2290 1635 campo
2317 1554 2655 1631 exercitus,
2696 1560 2754 1617 in

541 1642 696 1724 agris
727 1638 992 1702 vastitas:
1036 1638 1204 1701 omni
1235 1652 1440 1701 autem
1481 1640 1546 1700 in
1588 1636 1725 1702 sede
1756 1661 1823 1702 ac
1885 1641 2021 1702 loco
2052 1639 2281 1702 ferrum
2335 1638 2772 1723 flammamque-

456 1736 917 1802 95metuemus3
965 1728 1248 1811 quaejam
1278 1726 1385 1788 diu
1417 1741 1861 1807 comparantur,
1908 1728 2120 1789 eadem
2148 1726 2255 1788 ista
2284 1728 2509 1802 omnia,
2534 1728 2576 1789 fi
2610 1734 2636 1780 f
2664 1750 2762 1792 or-

543 1828 684 1876 nata
734 1813 823 1876 sui
852 1814 1142 1899 praesidiis
1173 1815 1286 1877 erit
1314 1813 1547 1896 respub.
1585 1814 1759 1878 facile
1789 1829 1854 1877 et
1885 1814 2345 1900 magistratuum
2389 1816 2647 1880 confiliis
2696 1834 2770 1878 et,

545 1902 913 1987 privatorum
944 1903 1256 1988 diligentia
1285 1902 1725 1986 opprimentur.

1074 1996 1089 2025 ἱ

1058 2097 1085 2130 0
1103 2080 1359 2166 faciant.
1805 2085 1832 2130 f
1872 2080 2160 2168 instruHa.

521 2250 599 2297 822.
640 2248 702 2295 In
736 2248 815 2294 mo
836 2248 1037 2296 sacrario
1061 2246 1192 2310 reip.]
1263 2250 1500 2312 Loquitur
1521 2248 1584 2296 de
1716 2252 1793 2298 88.
1830 2251 1961 2300 Unus
2004 2252 2093 2299 erit
2113 2250 2312 2310 conred]
2348 2248 2413 2298 1²:
2422 2252 2612 2299 Silanun
2635 2252 2774 2298 nolus*

458 2311 611 2368 curia,
631 2327 736 2372 qure
759 2312 809 2358 in
827 2314 1134 2376 locosaerato
1153 2328 1348 2376 semper
1367 2314 1584 2363 habeba.-
1650 2316 1748 2362 erit.
1765 2318 1964 2373 Consul,
1978 2320 2018 2364 si
2043 2319 2268 2364 Muraena
2284 2316 2551 2363 damnetur
2567 2333 2584 2374 ς
2615 2330 2756 2375 qum

456 2382 535 2422 tur
557 2387 759 2435 propter
782 2377 1097 2429 sanctitatem
1121 2380 1446 2428 consiliorum.
1651 2395 1748 2429 non
1770 2384 1871 2428 tam
1887 2382 1934 2427 iu
1960 2382 2148 2440 reipub.
2171 2380 2597 2428 administratione
2617 2392 2757 2427 occu-

524 2439 596 2487 lb.
622 2439 727 2488 Non
754 2456 881 2489 nemo
902 2442 1042 2488 hostis
1056 2441 1164 2507 ern]
1185 2445 1304 2492 Quus
1322 2444 1470 2491 fuerit
1488 2460 1584 2494 non
1650 2444 1865 2502 pabitur,
1901 2447 2116 2503 quamin
2135 2448 2332 2491 consule
2353 2447 2510 2493 altero
2525 2443 2756 2492 sufficien-

395 2552 401 2558 ,
458 2503 720 2561 indicatur.
753 2513 941 2554 certum
959 2514 1035 2553 est
1068 2507 1297 2565 quosdam
1318 2515 1419 2555 tum
1439 2524 1468 2555 e
1494 2513 1581 2556 Se-
1644 2509 1708 2556 do
1722 2526 1739 2567 3
1773 2507 2294 2568 quia-Tribuniuplebis
2316 2509 2533 2558 aeditimi
2557 2508 2643 2570 iqui
2674 2509 2764 2554 ob·-

456 2568 724 2628 natoribus,
743 2574 847 2618 tum
864 2584 929 2617 ex
948 2569 1196 2631 equitibus
1211 2570 1340 2619 inter
1352 2570 1584 2632 conjura·
1648 2572 1840 2620 sistent.

458 2641 532 2682 toa
548 2633 712 2696 fuisse,
731 2650 851 2697 quos
870 2635 1125 2683 Sallustius
1148 2636 1385 2684 nominat.

1348 2832 1890 2898 PERORATIO.

634 3006 930 3083 Peroratiq
950 2998 1009 3072 i'u
1041 3013 1272 3075 motibus
1289 3013 1775 3075 commiserationis
1803 3008 2113 3073 excitandis
2157 3022 2270 3073 tola
2291 3010 2572 3095 verfhtur.

636 3182 877 3247 XVIII.
926 3184 1094 3271 Quae
1123 3207 1266 3250 cum
1290 3187 1374 3249 ita
1394 3186 1529 3262 sint,
1567 3187 1830 3271 judicer„
1859 3186 2128 3269 primum
2156 3186 2387 3267 reipub.
2418 3181 2615 3257 causa,
2648 3204 2767 3267 qm

551 3270 719 3331 nulla
761 3292 856 3334 res
886 3274 1172 3354 cuiquam
1203 3274 1403 3357 potior
1425 3272 1607 3335 debet
1636 3274 1775 3349 esse,
1805 3292 1912 3335 vos
1941 3296 2052 3357 pro
2083 3296 2218 3337 mea
2241 3274 2473 3335 summa
2502 3285 2565 3333 et
2591 3270 2757 3333 vobis

547 3362 788 3440 cognita
810 3358 873 3419 in
891 3359 1166 3443 rempub.
1190 3360 1516 3443 deligentia
1540 3381 1781 3434 mone0‚
1802 3381 1913 3443 pro
1935 3361 2291 3425 aucstoritate
2313 3359 2608 3425 consulari
2621 3357 2760 3421 hor-

553 3456 672 3520 tor,
717 3465 828 3527 pro
859 3446 1276 3531 magnitudine
1298 3445 1547 3528 periculi
1577 3448 1864 3521 obtestor,
1897 3461 1966 3510 ut
2003 3450 2154 3525 oti0‚
2185 3462 2254 3512 ut
2282 3448 2438 3533 paci,
2475 3464 2545 3509 ut
2576 3445 2761 3518 saluti,

469 3537 508 3597 5
556 3543 625 3593 ut
653 3531 796 3595 vitae
825 3531 1034 3597 vestrae
1065 3549 1127 3597 et
1157 3549 1519 3598 caeterorum
1549 3534 1771 3598 civium
1802 3534 2147 3612 consulatis,
2192 3536 2412 3599 deinde
2431 3556 2548 3620 ego
2579 3532 2760 3595 fidem

553 3618 834 3703 vestram,
863 3622 958 3684 vel
978 3620 1309 3684 defensoria⁶
1328 3636 1390 3686 et
1408 3621 1589 3685 amici
1605 3621 1807 3685 officio
1832 3622 2156 3702 addhfitus,
2179 3645 2288 3687 oro
2309 3638 2484 3705 atque
2501 3621 2764 3693 obsecre,

556 3705 590 3771 J
598 3708 826 3782 udices,
849 3723 918 3770 ut
949 3731 1025 3772 ne
1046 3708 1312 3772 hominis
1345 3709 1561 3785 miseri,
1586 3723 1648 3773 et
1676 3732 1813 3773 cum
1835 3684 2113 3797 ppfporis
2147 3712 2382 3787 morbo,
2429 3725 2565 3773 tum
2586 3708 2763 3772 animi

552 3795 762 3859 dolore
784 3795 1075 3874 consedii,
1098 3796 1173 3859 L.
1200 3797 1505 3862 Muraenae
1536 3812 1843 3862 recentem
1875 3800 2340 3884 gratulationem
2362 3821 2522 3863 nova
2539 3800 2763 3861 lamen·

555 3884 1107 3961 tationeobruatis5
1154 3886 1339 3949 modo
1371 3887 1637 3950 maximo
1688 3887 1988 3950 beneficio
2039 3888 2245 3974 populi
2278 3886 2470 3951 Rom.
2499 3899 2762 3957 ornatuS,

476 3971 903 4036 lofortunatus
931 3973 1264 4071 videbatur,
1296 3975 1459 4056 quod
1488 3975 1722 4060 primus
1745 3975 1810 4038 in
1832 3973 2124 4040 familiam
2146 3991 2439 4053 veterem,
2459 3975 2690 4060 primus
2709 3976 2764 4036 in

533 4148 580 4193 8.
608 4143 854 4192 necantem
872 4140 1286 4201 Gratulamnemq
1312 4145 1592 4194 Gratulalio
1720 4146 1769 4194 9.
1807 4143 2020 4193 Maximo
2044 4146 2298 4209 beneficia]
2333 4149 2606 4204 Consulatu
2629 4150 2782 4191 ernia-

472 4208 564 4268 ipsi
601 4211 733 4257 facta
755 4214 849 4267 est,
889 4222 1006 4259 eum
1044 4223 1074 4257 e
1094 4210 1219 4258 beno
1251 4206 1590 4260 Mithridatico
1655 4214 1731 4259 tus
1749 4219 1823 4259 est
1842 4225 1869 4256 a
1886 4214 2085 4274 populo·

472 4273 691 4332 proxime
705 4276 867 4331 rediit,
