2984 4942
450 413 582 477 242
1178 401 1277 466 Μ.
1318 402 1628 467 TULLII
1667 400 2135 468 CICERONIS

450 549 815 605 Sonatorum
864 534 1159 600 sententia
1217 535 1707 603 nobiliffimorum
1777 550 1838 599 et
1910 532 2366 599 clariffimorum
2424 533 2798 604 hominum

530 623 890 691 manumissi.
956 623 1238 686 Tandem
1274 625 1497 706 aliquid
1529 624 1926 698 inveniemus,
1956 621 2126 705 quod
2156 620 2264 683 ista
2286 624 2499 686 mulier
2519 625 2595 687 de
2612 627 2793 691 suo-

531 736 669 778 rum
702 712 1194 798 propinquorum,
1240 712 1691 776 fortissimorum
1721 713 2005 786 virorum,
2051 708 2340 771 sententia
2372 724 2555 794 atque
2611 737 2788 779 auc-

529 808 768 865 toritate
816 799 1014 862 feciss'e
1060 802 1353 863 videatur.
1442 800 1567 864 Sed
1617 801 1761 863 scire
1814 800 2014 879 cupio,
2059 797 2209 880 quid
2235 814 2265 846 e
2307 797 2528 862 habeat
2579 822 2782 887 argu-

532 891 723 953 menti
755 887 858 951 ista
883 887 1283 966 manumiffi0,
1328 893 1386 952 in
1439 911 1562 972 qua
1606 901 1710 949 aut
1740 886 1971 950 crimen
2001 884 2324 947 est·Coeli0
2361 889 2390 935 f
2419 888 2780 969 quaefitum,

451 986 633 1043 35aut
680 975 923 1059 quaestio
971 975 1293 1052 sublevata,
1338 991 1436 1039 aut
1485 977 1804 1040 multarum
1859 995 2058 1038 rerum
2112 971 2364 1037 consciis
2403 974 2583 1039 servis
2616 1000 2780 1041 oum

532 1082 568 1131 Β
600 1064 773 1129 causa
805 1066 1124 1147 praemium
1154 1063 1559 1146 persolutum?
1610 1065 1699 1124 At
1751 1061 2107 1147 propinquis
2165 1061 2418 1146 placuit3
2464 1084 2578 1126 cur
2626 1086 2779 1128 non

530 1154 813 1236 placere-t,
858 1174 1000 1217 cum
1030 1155 1219 1215 remh
1277 1166 1438 1214 tu·te
1468 1152 1544 1213 ad
1592 1171 1696 1214 eos
1746 1171 1874 1212 non
1904 1149 1976 1212 ab
2008 1150 2131 1212 aliis
2179 1148 2292 1211 tibi
2335 1150 2588 1225 allatam,
2640 1152 2776 1215 sed

534 1263 570 1304 a
620 1256 681 1302 te
731 1240 853 1325 ipsa
912 1256 1281 1322 compertam
1332 1238 1571 1302 deferre
1623 1237 1892 1302 diceres?
1941 1237 2064 1302 Hic
2116 1236 2301 1299 etiam
2348 1239 2661 1314 miramur,
2724 1236 2778 1302 si

531 1328 697 1391 illam
728 1330 1206 1392 commentitiam
1244 1328 1526 1414 pxyidem
1577 1324 2012 1390 obscoenissima
2053 1324 2122 1386 fit
2151 1325 2352 1389 fabula
2383 1324 2717 1391 consecuta
2746 1328 2775 1391 ἓ

442 1423 527 1479 40
539 1416 712 1479 Nihil
743 1414 828 1478 est
852 1418 1007 1498 quod
1028 1417 1089 1478 in
1121 1416 1419 1502 ejusmodi
1450 1416 1771 1478 mulierem
1801 1414 2164 1500 noncadere
2180 1412 2493 1477 videatur?
2544 1415 2769 1479 audita

528 1509 623 1584 [et
680 1507 1058 1590 pervulgata]
1110 1522 1172 1568 et
1230 1504 1637 1589 percelebrata
1685 1502 2061 1565 sermonibus
2109 1522 2206 1564 res
2234 1500 2340 1564 est.
2434 1501 2762 1583 Percipitis

531 1592 775 1668 animis,
820 1592 1083 1667 Judices,
1122 1592 1487 1677 jamdudum
1520 1591 1658 1673 quid
1709 1592 1916 1666 velim,
1962 1591 2057 1653 vel
2087 1590 2309 1673 potius,
2361 1592 2510 1672 quid
2567 1591 2764 1653 nolim

531 1681 754 1744 dicere.
844 1680 1033 1765 Quod
1080 1680 1262 1742 etiam
1308 1679 1350 1741 fi
1408 1678 1498 1742 est
1527 1678 1786 1753 facium,
1833 1691 1997 1742 certe
2049 1699 2085 1740 a
2120 1678 2323 1741 Coelio
2351 1699 2480 1739 non
2512 1677 2603 1741 est
2631 1677 2760 1743 fae—

531 1783 697 1845 tum3
744 1769 891 1850 quid
943 1773 1105 1831 enim
1157 1764 1484 1830 attinebat?
1533 1765 1620 1827 est
1662 1767 1827 1829 enim
1872 1765 1947 1828 ab
2000 1765 2203 1847 aliquo
2259 1764 2501 1829 fortasse
2556 1767 2761 1829 adole·

449 1856 740 1920 45scente
769 1875 895 1917 non
925 1870 1052 1917 tam
1100 1860 1112 1905 i
1150 1854 1391 1929 insulso,
1437 1876 1618 1938 quam
1665 1875 1789 1917 non
1837 1853 2198 1917 verecundo.
2288 1852 2400 1916 Sin
2432 1869 2646 1916 autem
2668 1854 2756 1917 est

533 1943 774 2008 fistum:
820 1964 944 2005 non
976 1942 1127 2007 iilud
1179 1943 1417 2027 quidem
1468 1941 1831 2017 modestum,
1881 1940 1981 2006 sed
2011 1956 2215 2005 tamen
2246 1961 2370 2003 non
2402 1941 2491 2004 est
2527 1941 2756 2005 inface-

530 2046 665 2096 tum
720 2033 1128 2108 mendacium3
1176 2032 1342 2114 quod
1376 2029 1652 2114 profecio
1698 2051 2012 2115 nunquam
2044 2028 2367 2092 hominum
2401 2029 2621 2105 sermo,
2668 2044 2755 2092 at-

530 2142 643 2204 que
687 2121 891 2205 opinio
923 2120 1373 2203 comprobafl‘et,
1418 2118 1526 2183 nifi
1572 2124 1795 2195 omnia,
1841 2141 1979 2201 quae
2032 2138 2176 2182 cum
2216 2118 2597 2203 turpitudine
2650 2119 2755 2181 ali-

532 2230 650 2290 qua
679 2208 1063 2285 dicerentur‚.
1092 2209 1157 2271 in
1189 2208 1363 2272 istam
1393 2208 1677 2291 quadrare
1698 2220 1831 2289 apte
1853 2207 2222 2270 viderentur.

584 2396 617 2429 Β
653 2380 793 2463 qm’d
804 2381 1015 2464 probet.
1104 2382 1130 2431 f
1164 2384 1479 2469 corfinium.
1570 2400 1604 2447 8
1633 2385 1868 2446 ratione.
1974 2385 2008 2432 h
2039 2393 2104 2445 tu
2131 2381 2264 2466 ipsit.
2364 2384 2381 2431 i
2400 2380 2618 2469 stolido.

510 2596 592 2643 31.
613 2594 940 2651 Mmturnis-rt]
963 2598 1071 2644 Nou
1087 2595 1209 2643 licei
1220 2603 1270 2643 at
1286 2597 1568 2644 mulieribus
1696 2598 1779 2646 35.
1826 2595 1925 2645 Ant
1961 2597 2150 2660 questio
2170 2595 2446 2656 sublevata]
2479 2598 2748 2646 Tormenta

445 2673 606 2708 nervos
629 2664 973 2709 manumittere
1011 2662 1134 2720 apud
1164 2660 1423 2718 Romanoa,
1461 2661 1567 2709 siue
1630 2662 1781 2708 servis
1797 2663 2029 2722 adempta
2044 2669 2181 2718 sunt,
2218 2675 2332 2723 quae
2355 2662 2470 2723 ipsis
2488 2660 2538 2709 in
2556 2664 2744 2724 quasti·

447 2731 761 2787 cognatorum
787 2725 1031 2773 sententia
1049 2744 1063 2781 ς
1104 2726 1386 2772 manumissi
1403 2734 1568 2773 autem
1631 2739 1722 2773 one
1740 2725 2101 2785 infligebantur.

445 2790 655 2846 funerant,
693 2806 753 2839 ne
769 2790 830 2836 de
854 2790 909 2836 iis
926 2792 1132 2849 quaestio
1158 2788 1434 2846 haberetur,
1455 2791 1575 2852 quia
1702 2792 1781 2840 39.
1803 2790 2458 2852 Obscoenisumasabula.]Ex
2473 2792 2554 2840 ilia
2569 2792 2746 2854 pyxide

444 2854 583 2904 liberi
609 2856 736 2914 apud
782 2856 1029 2905 Romano·
1069 2871 1164 2902 uon
1204 2858 1573 2916 torquebantur,
1638 2868 1860 2904 rumores
1901 2857 2061 2917 sparsi
2099 2860 2231 2915 sunt,
2257 2854 2321 2905 de
2354 2857 2636 2920 turpissima
2654 2857 2748 2906 vita

447 2924 506 2968 ut
526 2932 592 2969 ex
611 2921 856 2970 Cicerone
873 2928 1015 2983 patet
1036 2923 1085 2971 in
1108 2920 1475 2970 Partitionibus.
1639 2919 1765 2968 iuius
1781 2921 2016 2972 mulieris.

1328 3106 1873 3172 PERORATIO.

621 3269 764 3336 XII.
797 3288 826 3323 ⁸
867 3271 1057 3335 Dicta
1090 3271 1178 3336 est
1208 3296 1243 3337 a
1277 3295 1374 3337 me
1404 3272 1597 3349 causa,
1644 3272 1676 3338 J
1683 3274 1908 3349 udices,
1942 3288 2004 3336 et
2026 3286 2333 3356 perorat-013
2369 3274 2494 3358 jam
2525 3271 2752 3339 inteni-

529 3358 692 3508 35³³
745 3377 1040 3444 quantum
1059 3359 1362 3444 judicium
1393 3360 1751 3437 sustineatiS,
1774 3378 2002 3445 quanta
2022 3382 2119 3425 res
2141 3362 2209 3426 fit
2238 3359 2537 3447 commifl'a
2556 3362 2750 3427 vobis.

598 3467 632 3508 e
661 3448 719 3510 vi
751 3448 1039 3531 quaeritis:
1084 3468 1217 3528 quae
1247 3448 1343 3539 iex
1374 3450 1454 3511 ad
1473 3448 1819 3530 imperium,
1851 3452 1951 3512 .ad
1983 3450 2378 3535 majestatem,
2419 3448 2503 3511 ad
2529 3447 2746 3515 statum
2785 3460 2790 3469 ’

529 3534 759 3616 patriae,
806 3535 879 3597 ad
903 3535 1153 3598 salutem
1184 3538 1459 3600 omnium
1494 3536 1782 3621 pertinet:
1829 3559 2007 3620 quam
2037 3538 2236 3623 legem
2263 3540 2350 3625 Q.
2384 3536 2637 3603 Catulus
2659 3559 2744 3602 ar·

445 3628 485 3686 5
530 3637 692 3686 mata
714 3623 1062 3687 diffeniione
1086 3623 1336 3702 civium,
1367 3624 1604 3709 reipub.
1627 3646 1785 3709 pene
1831 3626 2120 3689 extremis
2166 3626 2550 3711 temporibus
2578 3627 2743 3689 tulit:

528 3731 790 3794 quaeque
808 3710 927 3787 lex,
974 3711 1172 3775 sedata
1190 3712 1290 3776 illa
1309 3711 1553 3777 flamma
1583 3711 1927 3778 consulatus
1960 3714 2103 3789 mei,
2152 3714 2452 3778 fumantis
2481 3713 2741 3797 reliquias

528 3800 957 3885 conjurationis
986 3801 1263 3865 extinxit.
1352 3802 1492 3867 Hac
1525 3802 1690 3865 enim
1712 3802 1848 3889 lege
1878 3801 2064 3868 Coelii
2085 3802 2497 3871 adolescentia
2527 3822 2649 3868 non
2669 3801 2738 3866 ad

1443 3996 1473 4029 ε
1508 3979 1743 4067 dem-

505 4182 555 4229 ⁴.
591 4178 741 4229 Quem
779 4177 963 4243 legem]
1030 4181 1109 4228 De
1130 4182 1223 4229 ista
1244 4180 1352 4241 lege
1375 4179 1563 4228 dictum
1628 4182 1761 4230 ferro
1777 4183 2071 4242 flammaque
2091 4180 2274 4230 delere.

441 4248 518 4290 est
556 4245 677 4293 intio
713 4245 855 4308 hujus
900 4244 1173 4304 Orationis,
1222 4247 1475 4307 peragrati.
1521 4247 1560 4294 1.
1695 4250 1741 4294 7.
1783 4244 1885 4293 Non
1915 4248 1977 4293 ad
1996 4244 2502 4310 Reipubliceepoenas.]
2571 4244 2741 4297 Coeiius

441 4307 478 4351 l.
512 4311 553 4354 Ι.
1628 4314 1735 4371 leg-e
1777 4310 1975 4357 Plautia
1994 4326 2102 4358 reus
2140 4325 2236 4358 non
2282 4321 2386 4373 θείς
2422 4314 2510 4360 sed
2555 4318 2740 4360 reusest

462 4429 474 4439 ·
512 4371 593 4418 67.
614 4372 982 4438 Sedacaflamma
999 4373 1260 4422 eom-udatus
1276 4372 1404 4432 men]
1422 4372 1559 4419 Ceti·
1625 4376 1740 4435 quia
1762 4373 2032 4424 effraenatae
2070 4376 2290 4424 mulieris
2332 4377 2526 4426 libidini
2564 4375 2737 4426 satist·-

442 4432 547 4481 hne
570 4434 807 4487 Cicerone
844 4440 1074 4500 Consule,
1106 4443 1352 4486 statuerat
1391 4439 1561 4488 urbem
1625 4453 1735 4486 cere
1760 4440 1931 4489 noluit.
