2984 4942
404 360 511 437 εἶτ
1082 360 1178 427 Μ.
1223 361 1533 428 TULLII
1576 360 2052 431 CICERONIS

373 488 792 579 'mpefl'mnu
822 491 1010 577 Reip.
1040 490 1230 557 statue
1258 494 1334 557 ab
1362 496 1451 559 eia
1478 497 1948 562 convelleretur:
1994 497 2189 563 Rullo
2215 497 2468 578 obstitit,
2489 507 2561 567 at
2584 505 2708 589 μὶ.

402 601 567 645 mani
600 583 666 644 in
703 603 871 655 eum,
917 581 1264 657 secundam,
1296 597 1358 646 et
1402 585 1648 648 tertiam
1685 589 2024 651 orationem
2068 586 2464 651 Consularem
2495 591 2707 658 habuit

401 683 539 733 tum
570 670 633 733 in
661 670 914 745 Senatu,
944 688 1079 735 tum
1109 670 1184 732 ad
1214 671 1534 755 populum,
1577 673 1902 757 effecitque
1932 689 2002 738 ut
2034 674 2307 760 Respub.
2339 698 2564 763 magno
2590 680 2710 743 lar·

398 760 707 843 gitionum
738 776 909 823 metu
954 760 1330 823 liberaretur:
1374 760 1693 823 Othonem
1737 763 1967 846 populo
2010 764 2380 829 conciliavit:
2423 788 2566 829 nam
2598 768 2706 831 ille

400 847 648 911 veniens
673 848 736 910 in
756 847 1114 921 Theatrum,
1131 869 1276 910 cum
1299 849 1517 932 partim
1542 848 1617 912 ab
1635 849 1943 933 equitibus
1965 849 2204 914 summo
2226 852 2462 935 plausu,
2485 856 2705 938 partim

400 954 439 996 a
468 935 645 1020 plebe
674 936 854 999 fibilis
883 951 945 998 et
973 935 1259 1000 conviciis
1289 935 1693 1018 exciperetur,
1739 959 1810 1000 ac
1839 937 1990 1001 nihil
2031 958 2222 1022 prope
2266 940 2507 1014 abeffet,
2553 943 2706 1026 quin

398 1025 599 1088 caedes
632 1045 914 1109 utrinque
946 1026 1207 1088 maxima
1236 1021 1433 1098 fieret,
1478 1022 1700 1089 Cicero
1739 1025 1990 1098 Consul,
2036 1027 2214 1111 cujus
2255 1043 2382 1091 erat
2413 1027 2587 1092 saluti
2618 1032 2708 1095 ci·

399 1112 567 1175 vium
598 1113 958 1198 prospicere,
1005 1113 1301 1198 populum
1330 1114 1391 1173 in
1421 1112 1807 1187 concionem,
1853 1116 1928 1178 ad
1960 1115 2154 1179 aedem
2187 1117 2455 1180 bellonae
2479 1138 2707 1182 convo-

396 1206 580 1277 cavit,
626 1202 948 1285 effecitque
978 1217 1039 1264 et
1070 1200 1594 1285 reprehendendO,
1638 1218 1702 1265 et
1729 1219 1982 1288 paterne
2011 1205 2420 1279 admonendo,
2466 1222 2534 1269 ut
2568 1207 2714 1270 uni-

395 1289 545 1359 wterfi
576 1292 651 1352 ad
692 1289 1011 1355 Theatrum
1042 1289 1253 1353 rever-fi
1286 1310 1510 1376 magno
1537 1291 1752 1375 plausu
1782 1292 2099 1358 Othonem
2123 1293 2497 1374 exciperent:
2540 1294 2705 1377 apud

392 1382 696 1463 populum
718 1400 863 1442 vero
890 1377 1208 1442 Rabirium
1232 1378 1531 1449 defendit,
1565 1381 1688 1453 cui,
1719 1379 2042 1465 instigante
2071 1380 2104 1445 J
2113 1382 2239 1443 ulio
2268 1380 2528 1455 Caesare,
2572 1383 2703 1447 diez

396 1468 830 1552 perduellionis
859 1489 895 1526 a
924 1465 1197 1527 Labieno
1222 1466 1432 1526 dictus
1462 1481 1610 1526 erat.

484 1560 573 1615 At
596 1551 923 1636 praesertim
949 1549 1231 1615 Catilinae
1251 1549 1734 1634 perniciosissime
1753 1552 2032 1616 omnium
2052 1553 2131 1615 de
2155 1552 2400 1636 Repub.
2425 1555 2705 1639 cogitan-

382 1641 471 1708 tis
500 1639 684 1724 fregit
712 1639 1049 1711 audaciam,
1079 1652 1143 1701 et
1166 1637 1508 1721 compreffit
1531 1656 1817 1723 impetus,
1886 1640 2048 1704 Cum
2073 1641 2238 1704 enim
2263 1641 2364 1703 ille
2395 1643 2492 1704 vix
2515 1641 2708 1707 ferret·

391 1725 797 1811 antepositum
820 1725 922 1790 fibi
937 1725 1109 1791 fuiffe
1131 1728 1195 1790 in
1215 1727 1551 1791 Consulatu
1575 1728 1839 1812 petendo
1861 1729 2245 1798 Ciceronem,
2272 1749 2437 1792 arma
2455 1752 2563 1815 per
2578 1732 2704 1795 Ita.

389 1814 537 1878 liam
566 1815 717 1879 locis
747 1818 1108 1900 opportunis
1138 1830 1476 1899 paraverat,
1523 1837 1672 1899 quo,
1703 1837 1774 1881 ac
1816 1816 2148 1901 praesertim
2197 1816 2477 1892 Faesulae,
2511 1840 2702 1903 pecu-

391 1903 559 1965 niam
579 1901 682 1966 sua
705 1922 808 1965 aut
839 1904 1183 1968 amicorum
1207 1902 1329 1967 fide
1358 1902 1685 1989 sumptam,
1715 1906 1791 1968 ad
1816 1904 1888 1969 C.
1917 1903 2221 1969 Manlium
2254 1900 2698 1971 centurionem

386 1991 683 2075 portabat,
710 1991 1054 2076 multosque
1079 1991 1183 2056 libi
1207 1993 1475 2080 cujusvis
1496 1998 1738 2079 generis
1757 1991 2035 2056 homines
2053 1993 2443 2078 adjungebat,
2475 1995 2702 2078 quibua

376 2079 738 2167 juvantibus
769 2079 997 2145 Consul
1037 2080 1099 2141 in
1128 2080 1482 2164 sequentem
1505 2100 1736 2143 annum
1763 2093 1873 2143 aut
1901 2080 2330 2165 defignaretur,
2362 2094 2468 2143 aut
2501 2082 2700 2146 Rem-

388 2167 539 2252 pub.
571 2168 880 2252 perderet;
910 2167 972 2228 id
998 2167 1098 2228 ubi
1131 2181 1515 2251 compertum
1535 2165 1748 2231 habuit
1776 2167 2018 2242 Cicero,
2042 2168 2249 2231 retulit
2278 2170 2352 2231 ad
2375 2167 2702 2247 Senatum,

387 2254 762 2343 placuitque,
810 2268 878 2318 ut
909 2254 985 2317 ad
1017 2275 1285 2338 poenam,
1332 2276 1472 2337 quae
1503 2255 1766 2319 ambitus
1795 2255 2033 2320 crimini
2063 2254 2390 2320 constituta
2411 2274 2560 2331 erat,
2589 2258 2701 2321 de·

387 2362 525 2406 cem
558 2362 858 2406 annorum
888 2342 1140 2405 exilium
1169 2344 1306 2429 lege
1334 2345 1454 2407 late
1495 2344 1570 2407 ad
1614 2347 1912 2429 populum
1943 2346 2282 2411 adderetur.
2365 2343 2700 2417 Ferebatur

386 2431 602 2494 eadem
634 2432 789 2518 lege.
834 2452 909 2493 ne
940 2428 1208 2506 biennio,
1254 2453 1380 2514 quo
1410 2432 1550 2515 quis
1579 2449 1813 2517 peteret
1853 2431 2293 2518 magistratum,
2324 2432 2696 2517 petiturusve

384 2515 551 2593 effet,
596 2519 960 2606 gladiatores
980 2519 1173 2591 daret,
1208 2520 1314 2582 nili
1344 2541 1420 2582 ex
1444 2520 1809 2585 testamento
1840 2519 2172 2605 praestituta
2201 2520 2318 2583 die.
2385 2520 2549 2583 Cum
2579 2521 2695 2586 hac

380 2604 523 2692 lege
546 2609 669 2692 peti
689 2607 747 2671 se
773 2608 1034 2671 Catilina
1052 2608 1459 2677 arbitraretur,
1490 2609 1778 2695 adjuncta
1801 2609 1903 2671 fibi
1926 2606 2352 2671 sceleratorum
2370 2606 2696 2672 hominum

383 2714 596 2772 manu,
628 2695 968 2760 interficere
998 2695 1361 2759 Ciceronem
1393 2697 1459 2758 in
1479 2717 1699 2783 campo
1729 2711 1983 2760 conatus
2012 2695 2125 2772 est,
2171 2711 2240 2759 ut
2267 2717 2344 2758 eo
2366 2695 2695 2760 interfecto

384 2778 586 2848 statim
618 2785 847 2848 Consul
878 2784 1301 2870 designaretur.
1364 2783 1490 2847 Sed
1519 2806 1664 2849 cum
1698 2785 1890 2866 pridie
1918 2786 2080 2847 illius
2101 2784 2222 2847 diei
2244 2783 2524 2847 Catilinae
2546 2804 2699 2848 con-

381 2868 510 2934 filii.
540 2872 759 2937 Cicero
788 2874 863 2936 ad
885 2871 1177 2936 Senatum
1212 2872 1537 2948 detuliffet,
1567 2872 1806 2952 sagium
1838 2873 1924 2936 est
1952 2869 2582 2972 Senatusconsultum,
2613 2892 2697 2935 ne

382 2961 921 3127 ξῐὲἓὲἑορὲῗτξὲἰῖ
928 2961 1449 3127 ἳῐιζᾳῑιιιέιῖιῑῖεὸηεξῐῗέἷ
1456 2962 1990 3111 ιιυέξέΙῗὶιεωζξζζὶ
1995 2957 2702 3132 ἓξήῗξιῗὶιῐέυὸεεῗίἒῗέ

382 3132 565 3196 rebus
588 3134 810 3206 dicere,
835 3154 973 3215 quae
998 3135 1073 3192 ad
1097 3133 1154 3194 se
1178 3136 1370 3196 allatae
1390 3135 1595 3196 effent.
1642 3134 1815 3196 Nihil
1839 3133 2223 3196 dissimulavit
2243 3133 2529 3206 Catilina,
2559 3134 2694 3197 dix·

381 3218 554 3303 itque
585 3220 710 3283 duo
740 3240 993 3304 corpora
1024 3218 1141 3280 efl'e
1171 3222 1233 3280 in
1267 3218 1516 3301 Repub.
1550 3240 1744 3281 unum
1776 3220 1974 3281 debile
2004 3218 2252 3280 infirmo
2281 3219 2501 3302 capite,
2543 3220 2695 3284 alte.

379 3328 517 3372 mni
548 3306 791 3370 firmum
820 3308 942 3369 sine
971 3308 1196 3382 capite3
1242 3305 1411 3381 huic,
1441 3326 1585 3368 cum
1617 3307 1700 3369 ita
1728 3307 1808 3368 de
1828 3304 1888 3369 se
1912 3318 2197 3368 meritum
2221 3304 2387 3378 effet,
2420 3320 2610 3390 caput
2628 3308 2692 3375 se

379 3397 521 3461 vivo
560 3416 685 3459 non
714 3394 1098 3459 defuturum.
1178 3395 1268 3456 Eo
1297 3393 1541 3455 interim
1565 3394 1693 3469 die,
1722 3394 1787 3456 id
1813 3393 1928 3463 est,
1957 3392 2474 3469 decimo-octavo,
2519 3409 2695 3462 ante-

378 3504 568 3569 quam
599 3486 859 3570 primam
888 3484 1225 3547 orationem
1256 3480 1476 3544 Cicero
1497 3496 1713 3545 contra
1753 3480 2081 3544 Catilinam
2110 3481 2285 3556 dixit,
2330 3481 2570 3546 saetam
2600 3483 2691 3548 est

378 3570 1013 3645 senatusconsultum,
1042 3587 1112 3634 ut
1132 3571 1406 3633 viderent
1435 3568 1755 3643 Consules,
1785 3590 1864 3631 ne
1893 3570 2042 3652 quid
2065 3570 2417 3633 detrimenti
2443 3585 2724 3655 caperet,

380 3659 657 3745 Respub.
692 3664 895 3744 itaque
924 3659 1145 3723 Cicero
1179 3679 1275 3722 res
1304 3672 1584 3721 externas
1615 3657 1702 3744 Q.
1737 3658 1994 3722 Metello
2023 3657 2343 3733 commitit,
2389 3658 2518 3743 ipse
2542 3681 2691 3724 vero

380 3749 550 3812 urbis
578 3768 788 3813 curam
813 3747 1089 3832 suscepit.
1138 3748 1301 3811 Cum
1328 3761 1536 3809 autem
1557 3746 1737 3809 sciret
1753 3745 2039 3810 homines
2057 3747 2412 3832 conjuratos
2433 3748 2500 3809 in
2521 3768 2691 3812 cam-

379 3858 532 3923 pum
561 3839 638 3901 ad
663 3837 908 3901 comitia
932 3836 1177 3910 deduci,
1207 3835 1331 3921 ipse
1360 3835 1672 3899 descendit
1697 3834 1928 3919 ingenti
1958 3836 2143 3897 lorica
2171 3833 2404 3910 teQuS,
2430 3833 2694 3900 firmilli-

375 3944 485 3990 mo
513 3924 837 3990 hominum
862 3925 1135 4010 praefidio
1164 3923 1434 4009 stipatus.
1480 3924 1706 3988 Caeter‘i
1736 3923 1844 4005 qui
1864 3923 2150 3986 videbant
2171 3921 2500 3986 Consulem
2525 3925 2689 4007 peri-

376 4016 596 4093 clitari,
618 4016 694 4078 ad
714 4014 848 4100 ejus
868 4013 1283 4078 defensionem
1315 4026 1789 4087 concurrerunt;
1820 4031 2007 4094 quare
2029 4011 2313 4074 Catilinae
2333 4026 2398 4073 et
2423 4011 2688 4075 Antonii

377 4105 605 4189 copias,
630 4119 694 4167 et
723 4114 1012 4168 conatum
1029 4101 1392 4186 compreffit,
1410 4100 1584 4163 nullo
1603 4100 1877 4163 tumultu
1898 4099 2180 4163 excitato.
2265 4098 2392 4162 -His
2419 4099 2689 4163 comitiis

376 4190 601 4255 iterum
617 4191 884 4256 Catilina
900 4190 1200 4275 repulsam
1224 4193 1383 4254 tulit.
1429 4188 1596 4251 Nam
1626 4190 1690 4251 D
1734 4187 1954 4252 Iunius
1974 4184 2240 4261 Silanus,
2259 4200 2321 4249 et
2349 4184 2423 4249 L.
2454 4186 2689 4250 Licini·-

377 4288 454 4341 us
475 4279 758 4346 Muraena
778 4280 1076 4345 Consules
1097 4277 1386 4364 designati
1409 4277 1567 4341 sunt.
1586 4277 1826 4340 Verum
1848 4296 1991 4338 cum
2015 4275 2247 4339 videret
2267 4271 2530 4336 Catilina
2546 4274 2687 4339 suos

378 4382 637 4430 conatus
664 4388 880 4434 omnes
908 4368 1154 4432 inutiles
1183 4367 1375 4437 fuisse,
1425 4365 1772 4452 conjuratos
1808 4363 1993 4426 nocie
2020 4383 2086 4425 in
2118 4362 2194 4425 M
2236 4361 2438 4425 Porcii
2465 4362 2684 4426 Leccae

378 4454 641 4523 domum
660 4458 1041 4537 convocavit,
1060 4463 1133 4524 ea
1158 4456 1464 4537 videlicet,
1486 4475 1626 4539 quae
1635 4451 1969 4542 posterum
1998 4450 2163 4517 diem
2192 4449 2520 4527 Nonarum
2543 4449 2684 4513 Nn-
