2984 4942
869 398 1218 470 ORATIO
1261 401 1445 467 PRO
1487 401 1586 467 M.
1631 389 1970 468 COELIO.
2437 404 2558 467 192

250 524 341 603 13⁸
377 542 719 615 videretur3
782 539 960 625 cujus
998 560 1114 625 ego
1151 538 1420 601 facinora
1469 538 1654 601 oculis
1704 538 1892 621 prius,
1936 556 2110 619 quam
2158 535 2466 622 opinione,

250 629 541 692 manibus
579 643 743 703 ante,
787 648 967 712 quam
987 626 1333 708 suspicione,
1378 625 1787 707 deprehendi3
1832 627 1994 710 cujus
2012 628 2074 689 in
2103 629 2338 712 magnis
2366 647 2467 688 ca·

234 716 449 779 tervis
507 720 838 778 amicorum
868 713 910 775 fi
939 713 1060 776 fuit
1088 712 1271 777 etiam
1299 714 1559 792 Coelius,
1605 715 1797 798 magis
1818 712 1928 789 est,
1972 728 2040 776 ut
2066 714 2188 797 ipse
2218 712 2468 778 moleste

246 801 425 867 ferat
449 803 659 866 erraffe
688 801 770 878 se,
816 800 984 867 ficuti
1012 822 1449 884 nonnunquam
1480 802 1544 867 in
1572 804 1792 866 eodem
1814 801 2061 865 homine
2103 824 2197 865 me
2226 824 2468 887 quoque

241 891 484 955 erroris
515 895 633 954 mei
690 892 970 974 poenitet,
1017 910 1200 972 quam
1250 904 1320 951 ut
1369 889 1539 953 istius
1589 891 1872 954 amicitiae
1918 892 2147 952 crimen
2195 891 2553 954 reform-65

242 979 389 1041 det.
456 978 685 1061 ‘Itaque
713 1000 749 1040 a
778 978 1117 1043 malediCtis
1145 978 1453 1062 pudicitiae
1484 978 1562 1039 ad
1606 979 2037 1061 conjurationis
2075 979 2353 1044 invidiam
2401 1001 2472 1042 o·-

236 1066 417 1129 ratio
445 1065 532 1129 est
566 1066 760 1129 vestra
786 1067 1018 1150 delapsa
1041 1092 1063 1142 3
1110 1064 1381 1148 posuistis
1398 1065 1588 1142 enim,
1632 1080 1810 1147 atque
1833 1067 1897 1127 id
1923 1081 2130 1131 tamen
2146 1066 2471 1130 titubanter

241 1168 323 1217 et
356 1152 632 1229 strictim,
677 1155 1106 1240 conjurationis
1144 1162 1331 1230 hunc,
1376 1169 1617 1239 propter
1643 1153 1970 1217 amicitiam
1999 1154 2298 1229 Catilinae,
2342 1174 2475 1237 par-

242 1242 516 1325 ticipem
563 1241 775 1305 fuiffe:
822 1248 881 1305 in
911 1263 1038 1326 quo
1087 1264 1214 1306 non
1243 1244 1428 1305 modo
1472 1248 1704 1306 ⁴crimen
1750 1262 1877 1304 non
1903 1239 2195 1315 haerebat,
2237 1243 2339 1305 sed
2377 1244 2476 1305 vix

235 1328 461 1392 diserti
522 1330 914 1393 adolescentis
976 1330 1320 1395 cohaerebat
1375 1336 1585 1394 oratio.
1677 1329 1807 1415 Qui
1864 1330 2030 1392 enim
2073 1344 2271 1392 tantus
2314 1330 2563 1393 furor70

240 1422 323 1480 in
359 1415 614 1481 Coelio?
661 1419 824 1499 quod
854 1431 1093 1481 tantum
1122 1436 1226 1480 aut
1277 1419 1342 1480 in
1394 1419 1663 1482 moribus
1713 1434 2043 1501 naturaque
2088 1417 2334 1493 vulnuS,
2380 1435 2480 1481 aut

236 1510 314 1567 in
356 1524 424 1566 re
445 1519 625 1586 atque
656 1505 904 1568 fortuna
930 1505 955 1569 ?
1002 1507 1108 1568 ubi
1170 1507 1412 1589 lenique
1440 1506 1529 1569 est
1560 1509 1624 1569 in
1654 1505 1763 1567 ista
1791 1504 2121 1587 suspicione
2156 1504 2340 1569 Coelii
2369 1525 2482 1567 no-

244 1612 408 1656 men
440 1593 711 1656 auditum
738 1593 765 1655 Ρ
812 1592 1094 1655 Nimium
1127 1594 1313 1657 multa
1340 1595 1417 1657 de
1445 1614 1514 1656 re
1562 1593 1811 1656 minime
1851 1594 2036 1656 dubia
2065 1593 2316 1674 loquor:
2360 1592 2479 1656 hoc

240 1694 471 1741 tamen
517 1681 678 1753 dico,
724 1700 850 1743 non
881 1681 1065 1743 modo
1096 1679 1137 1742 fi
1178 1679 1374 1744 socius
1402 1681 1859 1766 conjurationis,
1905 1680 2005 1743 sed
2051 1679 2154 1743 nifi
2195 1679 2482 1742 inimicis-

236 1765 434 1830 simus
464 1766 634 1830 istius
657 1768 895 1832 sceleris
934 1768 1155 1844 fuiffet,
1199 1789 1514 1853 nunquam
1545 1768 1979 1855 conjurationis
2008 1765 2387 1830 accusatione
2415 1769 2567 1830 a-75

238 1853 687 1920 dolescentiam
710 1855 872 1921 suam
898 1856 1261 1938 potissimum
1284 1859 1714 1921 commendare
1744 1856 2051 1920 voluisset:
2095 1856 2284 1939 quod,
2313 1855 2481 1919 haud

241 1942 405 2018 scio,
452 1964 531 2005 an
554 1944 631 2007 de
663 1944 911 2019 ambitu,
955 1958 1020 2007 et
1048 1946 1126 2007 de
1154 1944 1508 2009 criminibus
1550 1943 1717 2009 istius
1745 1944 2035 2009 sodalium
2064 1965 2134 2005 ac
2165 1943 2481 2025 sequestri-

242 2051 391 2106 um,
439 2032 719 2112 quoniam
765 2031 886 2095 huc
938 2032 1152 2106 incidi,
1196 2031 1458 2097 similiter
1500 2032 1987 2114 respondendum
2031 2044 2282 2112 putem,
2328 2053 2482 2094 nun-

243 2138 451 2200 quam
479 2125 644 2183 enim
666 2134 792 2181 tam
837 2119 1073 2185 Coelius
1103 2139 1313 2183 amens
1334 2118 1553 2194 fuifl‘et,
1599 2134 1668 2181 ut
1697 2119 1738 2181 fi
1770 2118 1830 2182 se
1859 2116 1973 2181 isto
2018 2114 2251 2180 infinito
2289 2118 2482 2179 ambi-

242 2221 325 2265 tu
379 2206 887 2281 commaculasset,
930 2206 1194 2268 ambitus
1243 2208 1497 2271 alterum
1549 2205 1888 2270 accusaret:
1932 2225 2122 2287 neque
2152 2204 2283 2288 ejus
2331 2203 2569 2268 faetiso

246 2292 322 2353 in
356 2292 549 2354 altero
608 2293 1006 2377 suspicionem
1059 2309 1374 2376 quaereret,
1445 2294 1615 2379 cujus
1673 2294 1795 2379 ipse
1847 2293 1951 2356 fibi
2003 2308 2352 2376 perpetuam
2411 2294 2481 2357 li-

250 2378 533 2443 centiam
562 2393 825 2465 optaret:
871 2403 1006 2456 nec,
1032 2380 1073 2442 fi
1098 2380 1203 2443 fibi
1233 2380 1416 2445 semel
1444 2383 1782 2469 periculum
1811 2382 2069 2446 ambitus
2099 2379 2486 2445 subeundum

252 2480 526 2549 putaret,
572 2467 697 2551 ipse
745 2469 997 2532 alterum
1057 2468 1278 2533 iterum
1329 2469 1591 2534 ambitus
1637 2471 1889 2534 crimine
1938 2467 2273 2547 arcesseret:
2318 2470 2483 2553 quod

255 2576 613 2640 quanquam
643 2577 758 2619 nec
788 2554 1100 2639 sapienter,
1146 2568 1209 2618 et
1261 2577 1361 2620 me
1391 2557 1579 2621 invito
1629 2558 1796 2632 facit,
1842 2572 2048 2619 tamen
2077 2557 2164 2617 est
2187 2556 2483 2641 ejusmodi

252 2644 628 2728 cupiditatis,
672 2658 758 2719 ut,
804 2644 997 2729 magis
1044 2642 1322 2707 infeslari
1352 2644 1597 2709 alterius
1633 2645 2065 2718 innocentiam,
2110 2664 2287 2725 quam
2317 2643 2393 2704 de
2422 2642 2569 2705 [εδδ

250 2733 371 2793 tim
383 2732 480 2796 ide
509 2732 776 2818 cogitare
806 2733 1103 2796 videatur.
1192 2732 1360 2796 Nam
1389 2734 1552 2815 quod
1584 2754 1670 2797 aes
1722 2734 1990 2796 alienum
2020 2730 2331 2815 objectum
2376 2730 2488 2805 est,

254 2817 545 2904 sumptus
600 2819 963 2904 reprehensi,
1022 2820 1243 2884 tabulae
1296 2819 1609 2905 flagitatae:
1670 2821 1871 2882 videte
1922 2840 2104 2902 quam
2156 2837 2343 2899 pauca
2392 2837 2489 2879 re·
2561 2878 2568 2893 ,

255 2907 617 2993 spondeam.
708 2906 1000 2985 Tabulas,
1046 2912 1152 2991 qui
1196 2908 1260 2971 in
1291 2908 1470 2989 patris
1500 2907 1788 2990 potestate
1816 2907 1928 2983 est,
1971 2905 2168 2968 nullas
2211 2901 2481 2978 conficit,

322 3157 409 3206 61.
439 3154 600 3204 Oculis
629 3157 776 3217 prius,
810 3172 945 3221 quam
965 3153 1215 3214 avinione]
1248 3155 1394 3203 Prius
1527 3157 1600 3207 lb.
1627 3156 1764 3205 Quod
1781 3156 2082 3220 quanquam]
2150 3155 2290 3204 Dicit
2311 3156 2470 3218 polam
2487 3172 2582 3217 pti-⁴

250 3228 531 3280 patuerunt
564 3223 719 3270 oculis
740 3221 949 3270 crimina
974 3221 1219 3278 Catilinae‚
1242 3235 1392 3282 quam
1455 3226 1585 3270 trem
1609 3222 1822 3270 Atratini
1841 3220 2085 3270 immerito
2105 3218 2246 3269 fuisse
2274 3231 2574 3277 accusatum,

250 3298 428 3334 eorum
475 3296 586 3335 reus
607 3286 917 3336 crederetur:
958 3301 1046 3346 per
1092 3286 1307 3334 Fulviam
1336 3301 1389 3332 e·
1457 3294 1513 3332 ut
1525 3285 1761 3347 judicium
1783 3287 1906 3334 vitet
1923 3286 2255 3343 offensionem,
2289 3284 2466 3347 quibus
2487 3273 2582 3336 cat

254 3348 363 3398 nim
407 3349 798 3411 conjurationem
857 3351 1071 3410 accepit,
1128 3358 1391 3410 antequam
1458 3365 1539 3399 rus
1558 3358 1666 3399 erat
1691 3351 1895 3405 fortasse
1915 3352 2047 3398 Pola.

254 3414 625 3476 conjuratorum
643 3416 798 3463 literae
822 3416 871 3464 in
894 3422 1042 3479 ponte
1077 3413 1253 3464 milvio
1272 3415 1391 3462 suis-
1520 3419 1599 3464 87.
1618 3416 1836 3476 Sumptus
1854 3412 2154 3475 reprehensi]
2179 3413 2403 3463 Valerius
2424 3422 2576 3465 testa·

257 3488 371 3526 sent
387 3482 731 3540 deprehensae.
1454 3484 1538 3529 tur
1557 3496 1659 3536 eos,
1697 3480 1780 3540 qui
1802 3481 2045 3528 maximos
2070 3486 2290 3541 sumptus
2328 3481 2577 3539 fecissent,

324 3545 404 3593 63.
440 3547 596 3605 Sisuit
615 3548 755 3595 etiam
779 3544 962 3604 Coeliur,
989 3543 1107 3603 Sta]
1173 3545 1222 3592 Si
1258 3544 1387 3592 inter
1450 3554 1543 3592 ant
1564 3545 1740 3604 ingrati
1768 3543 1988 3601 fuissent,
2021 3556 2109 3591 aut
2130 3558 2199 3591 aas·
2221 3546 2434 3593 alienum
2457 3561 2574 3594 cou-

260 3610 334 3677 §ot
379 3611 610 3659 Catilium
657 3613 819 3659 amico
862 3610 960 3657 suit
1002 3609 1202 3666 Coeiiua,
1244 3611 1387 3668 longe
1451 3611 1737 3665 traxissent,
1751 3625 1855 3669 grai
1870 3609 2042 3658 issimis
2061 3611 2311 3671 suppliciis
2334 3611 2463 3671 apud
2484 3614 2580 3661 Ro-

254 3673 431 3725 Justius
452 3678 687 3736 conqueri
710 3676 880 3734 debet,
915 3690 966 3723 se
984 3675 1034 3722 in
1059 3674 1277 3722 fraudem
1313 3674 1388 3722 iu·
1457 3689 1630 3722 manos
1648 3674 1855 3722 effectos
1871 3676 2030 3721 fuisse.
2614 3677 2624 3687 '

260 3734 464 3788 ductum
490 3739 654 3797 fuisse,
703 3742 879 3789 Cicero
916 3754 1246 3800 sepenumero
1267 3754 1390 3786 coti·
1528 3741 1601 3788 lb.
1668 3738 1856 3785 Tabulae
1906 3736 2191 3801 flagitata]
2293 3739 2448 3789 Moris
2491 3743 2582 3793 suit

258 3810 453 3856 questus
466 3812 563 3861 est,
581 3820 732 3866 quam
749 3806 906 3853 vereri
927 3820 987 3854 ne
1006 3805 1145 3852 istius
1164 3804 1390 3853 Catilina
1455 3806 1587 3866 apud
1615 3801 1879 3860 Romanos,
1912 3810 1967 3852 ut
1998 3804 2412 3864 patres-familias,
2446 3823 2582 3868 quae-

265 3868 486 3916 anncitia
509 3870 704 3919 crimini
727 3870 819 3919 sibi
854 3874 1087 3917 vertatur.
1456 3884 1650 3929 cunque
1671 3884 1759 3930 per
1792 3869 2001 3928 singulos
2023 3868 2145 3926 dies,
2180 3880 2264 3916 aut
2295 3872 2581 3933 acciperent

330 3933 410 3979 76.
448 3933 805 3997 Sequestrium.]
839 3937 1124 3996 Sequcstres
1155 3935 1233 3979 vel
1258 3937 1393 3989 aunt,
1459 3940 1544 3980 aut
1565 3933 1919 3994 expenderent,
1953 3946 2012 3980 ea
2052 3934 2261 3994 primum
2304 3937 2498 3995 proprie
2520 3950 2579 3981 ao

268 4001 467 4044 wetere
510 4000 713 4059 Bmtaeo,
756 4000 1053 4059 interpretes
1075 3997 1313 4053 ambitus,
1344 4006 1398 4045 et
1462 3991 1752 4046 festinanter
1792 4000 1841 4046 in
1880 3999 2098 4046 codicem
2143 4000 2394 4049 inemoriae
2436 4014 2583 4049 causa

274 4065 740 4121 corrumpendarum
760 4065 1396 4122 tribuumauctoren‚ve1qui
1464 4073 1690 4122 paratum
1731 4064 1986 4121 referrent,
2038 4075 2149 4122 quae
2186 4063 2461 4110 adversaria
2506 4062 2584 4110 di-

276 4131 328 4162 se
349 4131 579 4184 tanquam
602 4131 893 4178 mediatores
920 4130 982 4178 ad
1007 4128 1166 4189 populi
1186 4127 1398 4185 gratiam
1462 4128 1721 4184 cebantnr,
1777 4128 1954 4175 deinde
2014 4142 2107 4188 per
2156 4126 2312 4173 otium
2370 4128 2415 4172 in
2473 4126 2581 4177 aliis

270 4194 368 4239 Pto
390 4191 657 4240 candidatis
670 4197 1013 4256 aucupandam
1034 4194 1367 4252 interponunt.
1465 4195 1644 4241 tabulis
1665 4194 1851 4250 ordine,
1876 4199 1926 4239 et
1945 4201 2177 4241 accurate
2200 4190 2577 4249 perscriberent.

340 4250 417 4297 83.
458 4256 760 4318 Aramum]
826 4262 941 4308 ,lain
992 4274 1142 4317 supra
1180 4263 1401 4304 notatum
1468 4260 1565 4305 Eas
1607 4259 1796 4305 tabu¹aa
1836 4259 2008 4320 accepti
2045 4264 2090 4304 et
2137 4256 2326 4316 erpetui
2357 4256 2580 4305 nomina·

279 4321 351 4358 est
372 4314 576 4365 Coelium
593 4323 806 4370 ambitus
820 4323 1025 4371 crimine
1048 4325 1099 4371 1..
1120 4321 1404 4370 Atratinum
1473 4324 1608 4370 bant.

272 4385 423 4445 §efflei
463 4396 735 4442 accusasse,
771 4389 1073 4449 eundemque
1120 4388 1402 4436 absolutum
1535 4390 1610 4435 58.
1662 4385 1757 4435 zm·
1789 4387 1840 4434 in
1878 4386 2028 4446 patrie
2067 4388 2291 4446 potestate
2327 4385 2438 4445 est]
2506 4389 2584 4436 ιη.

279 4447 448 4495 itm-*um
476 4463 742 4499 accusasse.
1466 4451 1798 4514 lius-‘amiglas
1848 4451 2035 4498 tabutas
2076 4462 2176 4497 non
2214 4450 2426 4508 emenii,
2476 4454 2587 4513 qnia

1404 4517 1476 4568 2>
