2984 4942
467 320 599 391 55⁶
1165 324 1261 389 Μ.
1305 320 1612 388 TULLII
1655 318 2117 388 CICERONIS

560 458 686 523 dire
713 468 996 543 nequeat,
1038 457 1224 544 hujus
1253 458 1402 522 salus
1445 457 1807 542 desperanda
1837 456 1968 532 est,
2015 456 2227 519 scitum
2266 450 2360 517 est
2416 451 2637 516 euim
2680 453 2831 519 {aad

562 548 828 620 Catonia,
873 561 938 609 ut
971 548 1193 622 multa;
1255 547 1470 609 melius
1516 547 1591 607 de
1623 544 1970 628 quibusdam
2027 543 2275 606 acerbos
2316 542 2668 603 inimicos
2708 566 2825 605 me·-

477 635 696 702 25reri,
743 654 925 721 quam
958 655 1061 696 eos
1113 636 1337 698 amicos
1367 634 1467 716 qui
1513 635 1719 695 dulces
1763 633 2122 707 videantur3
2170 630 2307 692 illos
2362 650 2633 691 verum
2668 629 2814 713 sepe

497 794 508 803 ,
560 722 787 796 dicere,
831 720 943 784 hos
973 743 1300 804 nunquam.
1399 725 1605 805 Atque
1657 721 1805 783 illud
1836 719 2151 783 absurdum
2182 719 2295 792 est,
2343 719 2541 800 quod
2600 721 2673 787 ii,
2724 719 2822 799 qui

561 823 906 883 monentur,
953 832 1085 873 eam
1119 809 1472 879 molestiam,
1521 830 1699 891 quam
1753 807 1973 869 debent
2016 827 2255 889 capere,
2306 826 2447 867 non
2514 808 2825 889 capiunt.-
2914 890 2915 893 Ἴ

563 916 697 960 eam
732 898 997 980 capiunt,
1043 918 1163 981 qua
1191 897 1413 959 debent
1442 917 1686 958 vacare:
1718 895 1980 979 peccasse
2019 898 2174 957 enim
2209 893 2269 956 se
2302 914 2447 955 non
2470 908 2820 979 anguntur,
2914 914 2915 921 ¹

567 984 866 1068 objurgari
901 985 1146 1047 moleste
1183 984 1427 1048 ferunt:
1474 985 1632 1068 quod
1657 999 1864 1057 contra
1893 983 2228 1067 oportebat,
2282 980 2545 1045 defleto
2578 983 2817 1057 dolen,

481 1071 941 1135 soconefflone
970 1075 1249 1155 gaudere.
2204 1082 2211 1091 “

661 1158 865 1221 XXV.
928 1158 1024 1221 Ut
1075 1161 1257 1245 igitur
1309 1175 1367 1223 et
1401 1179 1670 1237 monere,
1717 1175 1779 1223 et
1826 1163 2056 1233 moneri
2103 1158 2429 1241 proptium
2488 1157 2587 1221 est
2646 1178 2815 1221 vere

572 1247 893 1311 amicitiae:
938 1261 998 1308 et
1028 1252 1271 1311 alteium
1308 1249 1486 1311 libere
1510 1247 1733 1321 facere,
1762 1268 1883 1309 non
1915 1246 2149 1328 aspere,
2198 1246 2470 1309 alterum
2504 1247 2809 1328 patienter

572 1340 866 1418 accipere,
914 1356 1032 1396 non
1085 1351 1527 1420 repugnanter:
1575 1336 1650 1400 fic
1699 1335 2040 1397 habendum
2090 1330 2205 1407 est,
2251 1336 2506 1396 nullam
2562 1338 2627 1396 in
2658 1339 2810 1397 ami-

575 1422 728 1486 citiis
752 1422 977 1504 pestem
1011 1423 1123 1485 effe
1178 1427 1486 1509 majorem,
1534 1445 1709 1505 quam
1744 1423 2171 1495 adulationem,
2219 1420 2585 1495 blanditias,
2616 1422 2803 1485 αἴθυ-

490 1514 531 1573 5
575 1511 892 1571 tationem:
974 1511 1276 1595 Quamvis
1315 1513 1475 1573 enim
1508 1511 1712 1571 multis
1743 1507 2085 1573 nominibus
2114 1507 2203 1569 est
2246 1507 2370 1571 boc
2430 1510 2660 1573 vitium
2692 1531 2805 1571 no-

483 1666 500 1677 ,
573 1598 851 1673 tandum,
895 1597 1116 1660 levium
1171 1598 1487 1662 hominum
1543 1615 1723 1681 atque
1778 1598 2105 1668 fallacium,
2152 1596 2232 1657 ad
2288 1598 2677 1660 voluntatem
2708 1600 2800 1660 lo-

579 1685 901 1767 quentium
949 1686 1173 1759 omnia,
1220 1686 1368 1747 nihil
1400 1687 1472 1747 ad
1534 1687 1887 1747 veritatem:
1931 1706 2076 1765 curn
2122 1697 2326 1745 autem
2379 1686 2793 1747 omniumm-

579 1790 712 1833 rum
768 1772 1053 1834 {imulatio
1096 1772 1180 1833 est
1214 1772 1414 1834 vitiosa
1461 1775 1645 1853 (tollit
1674 1774 1836 1834 enim
1878 1773 2183 1857 judicium
2214 1776 2353 1837 veri.
2398 1773 2579 1853 idque
2606 1774 2789 1837 adul-

576 1860 756 1937 terat)
778 1870 909 1917 tum
940 1859 1214 1919 amicitiae
1238 1875 1536 1942 repugnat
1566 1860 1864 1920 maxime:
1909 1861 2073 1925 delet
2104 1860 2268 1918 enim
2288 1859 2616 1933 veritatem,
2650 1860 2781 1923 fine

498 1944 701 2023 loqua
731 1962 957 2004 nomen
999 1944 1279 2006 amicitiae
1324 1945 1674 2006 valere‘non
1698 1944 1919 2025 potest.
2011 1944 2177 2006 Nam
2203 1966 2347 2009 cum
2376 1947 2665 2011 amicitie
2694 1949 2787 2011 vis

580 2029 649 2091 fit
679 2030 743 2091 in
772 2051 868 2103 eo,
916 2044 983 2091 ut
1012 2052 1165 2094 unus
1197 2031 1357 2113 quasi
1388 2033 1627 2095 animus
1658 2030 1763 2094 fiat
1811 2054 1881 2093 ex
1923 2032 2190 2113 pluribus
2214 2057 2245 2107 ς
2284 2033 2381 2115 qui
2410 2034 2475 2096 id
2508 2033 2642 2098 fieri
2682 2057 2790 2119 po-

579 2119 745 2193 terit,
791 2118 832 2178 fi
863 2139 941 2179 ne
984 2118 1046 2180 in
1078 2138 1202 2181 uno
1248 2120 1494 2202 quidem
1549 2141 1785 2202 quoque
1833 2142 1991 2183 unus
2038 2120 2281 2182 animus
2321 2121 2459 2195 erit,
2508 2124 2788 2205 idemque

581 2201 845 2289 semper3
878 2204 978 2267 sed
1009 2210 1217 2281 varius,
1263 2208 1723 2277 commutabilis,
1756 2207 2119 2289 multiplex?
2168 2207 2341 2292 Quid
2390 2209 2560 2271 enim
2604 2212 2789 2293 potest

582 2291 699 2352 effe
738 2308 861 2355 tam
894 2290 1175 2368 flexibile,
1220 2308 1341 2355 tam
1398 2295 1656 2369 devium,
1702 2318 1875 2376 quam
1905 2316 2137 2358 animus
2175 2298 2330 2380 ejus,
2377 2298 2481 2377 qui
2516 2299 2593 2359 ad
2646 2302 2788 2363 alte-

506 2378 711 2441 istius
740 2400 861 2442 non
908 2380 1089 2442 modo
1120 2379 1355 2443 sensum
1403 2403 1471 2445 ac
1504 2383 1890 2458 voluntatem,
1934 2382 2035 2444 sed
2077 2382 2260 2447 etiam
2308 2386 2555 2447 vultum
2608 2400 2789 2472 atque

581 2482 803 2532 nutum
835 2469 1243 2532 convertitur?

557 2570 572 2581 “
653 2554 868 2639 -Negat
909 2542 1085 2640 quis?
1162 2581 1291 2643 nego
1313 2586 1335 2621 .-
1399 2559 1482 2622 m‘t
1505 2562 1538 2619 Ρ
1582 2544 1668 2623 izio
1689 2593 1713 2633 ,-
1747 2546 2009 2644 postremo
2054 2559 2328 2644 imperavi
2372 2575 2587 2644 egomet
2634 2565 2792 2642 mihi,

677 2642 886 2703 Omnia
914 2644 1188 2729 qffentari.
1707 2675 1719 2689 =

583 2741 649 2790 ut
678 2729 760 2790 ait
797 2730 956 2792 idem
985 2730 1334 2807 Terentius„
1380 2732 1478 2797 sed
1510 2734 1612 2797 ille
1660 2733 1761 2798 sub
1793 2735 2136 2799 Gnathonis
2182 2735 2466 2819 persona:
2512 2741 2680 2819 quod
2726 2762 2790 2803 a·

479 2814 731 2897 jomici
759 2836 944 2901 genus
976 2818 1282 2895 adhibere,
1335 2823 1586 2884 omnino
1646 2823 1900 2884 levitatis
1931 2822 2036 2886 est.
2075 2854 2082 2868 =
2131 2823 2309 2886 Multi
2343 2840 2559 2888 autem
2615 2826 2789 2892 Gun-

477 2906 500 2931 ‘
586 2900 846 2966 thonum
902 2903 1110 2968 similes
1162 2928 1304 2970 cum
1346 2907 1478 2983 sint,
1525 2908 1681 2979 loco,
1728 2909 1992 2986 fortuna,
2060 2911 2220 2975 fama
2262 2910 2633 2994 superiores:
2678 2916 2782 2981 ho-

563 3006 728 3053 *rum
759 2992 842 3055 est
876 2992 1179 3057 affentatio
1223 2996 1491 3071 molesta,
1536 3018 1676 3060 cum
1708 3000 1783 3059 ad
1812 2998 2134 3062 vanitatem
2164 2997 2395 3062 access‘it
2419 3000 2779 3080 ιιιιᾶοτίτεες

592 3078 818 3141 secerni
863 3098 1062 3143 autem
1096 3083 1350 3147 blandus
1379 3083 1602 3147 amicus
1632 3107 1666 3146 a
1710 3106 1873 3160 vero,
1940 3102 2001 3148 et
2043 3086 2359 3150 internosci
2402 3103 2529 3149 tam
2576 3091 2777 3172 potest,

565 3166 856 3230 ·adhib'1ta
893 3169 1224 3256 diligentia,
1293 3193 1473 3253 quam
1527 3172 1731 3233 omnia
1788 3173 1985 3236 fucata
2028 3189 2090 3236 et
2144 3173 2412 3237 fimulata
2464 3199 2501 3238 a
2550 3177 2777 3242 finoeris

507 3259 779 3339 25atque
821 3258 994 3317 veris.
1084 3257 1337 3329 Conci0,
1377 3274 1521 3340 'quae
1562 3280 1635 3320 ex
1667 3260 2114 3343 imperitiflimis
2165 3261 2420 3337 constat,
2464 3278 2658 3329 tamen
2675 3269 2775 3351 ju-

597 3339 796 3402 dicare
827 3340 992 3413 solet,
1039 3346 1185 3427 quid
1216 3345 1440 3407 interfit
1471 3347 1628 3408 inter
1684 3350 2054 3431 popularem,
2100 3349 2161 3411 id
2192 3350 2301 3424 est,
2351 3351 2767 3429 affentatorem,

598 3439 662 3486 et
691 3427 882 3488 levem
907 3431 1123 3508 civem,
1166 3452 1229 3496 et
1252 3434 1405 3493 inter
1433 3433 1829 3509 constantem,
1873 3435 2166 3513 severum,
2209 3452 2272 3501 et
2300 3461 2557 3527 gravem.
2616 3440 2772 3525 Qui-

602 3511 717 3573 bus
765 3512 1068 3581 blanditiis
1125 3520 1196 3582 C.
1243 3519 1503 3601 Papirius
1564 3544 1755 3604 nuper
1803 3523 2089 3587 influebat
2138 3525 2201 3586 in
2247 3547 2424 3589 aures
2466 3525 2775 3606 concionis,

603 3621 745 3663 cum
773 3599 958 3662 ferret
981 3606 1175 3686 legem
1201 3609 1277 3671 de
1298 3608 1773 3693 Tribunis-pleb.
1806 3611 2144 3675 reficiendis
2170 3612 2196 3676 ἓ
2248 3613 2624 3679 Diffuafimus
2642 3638 2769 3681 uos.

471 3762 486 3771 1
521 3688 724 3752 sosed
784 3688 926 3749 nihil
973 3689 1049 3749 de
1105 3714 1240 3755 me:
1286 3695 1361 3757 de
1407 3696 1693 3775 Scipione
1749 3698 1947 3764 dicam
1997 3700 2290 3764 libentius.
2390 3703 2629 3789 Quanta
2670 3704 2771 3782 ini,

607 3776 690 3838 dii
725 3774 1127 3839 immortales!
1178 3779 1290 3840 fuit
1352 3784 1628 3863 gravitati,
1674 3801 1898 3868 quanta
1949 3793 2005 3852 in
2053 3788 2322 3852 oratione
2358 3790 2661 3875 majestas!
2706 3802 2772 3859 tit

607 3862 783 3924 facile
822 3866 1040 3926 ducem
1080 3886 1214 3948 pop.
1271 3864 1456 3931 Rom.
1522 3892 1644 3933 non
1676 3874 1956 3938 comitem
1978 3877 2244 3950 diceres;
2290 3876 2391 3940 sed
2424 3878 2672 3955 affixistis,
2712 3896 2771 3945 et

612 3948 780 4013 estin
825 3951 1098 4016 manibus
1138 3959 1367 4031 orati03
1414 3958 1611 4037 itaque
1642 3961 1732 4024 lex
1794 3964 2089 4046 popularis
2132 3964 2421 4050 suffragiis
2450 3969 2642 4048 populi
2685 3990 2771 4032 re·

614 4036 851 4121 pudiata
880 4038 986 4101 est.
1089 4044 1300 4125 Atque,
1347 4061 1409 4107 ut
1439 4047 1513 4107 ad
1540 4069 1636 4110 me
1652 4050 1932 4127 redeam,
1980 4052 2349 4130 meministis,
2381 4053 2467 4140 Q.
2494 4054 2768 4133 Maximo,

525 4124 795 4188 ssfratre
819 4122 1131 4208 Scipionis,
1174 4146 1233 4192 et
1264 4132 1335 4193 L.
1383 4132 1675 4199 Mancino
1704 4137 2087 4213 Consulxbusf
2124 4160 2307 4224 quam
2353 4143 2644 4226 popularis
2680 4146 2769 4209 lex

620 4215 695 4275 de
725 4213 1065 4278 sacerdotiis
1085 4216 1158 4279 C.
1189 4218 1402 4284 Licinii
1425 4220 1611 4284 Crassi
1633 4226 1965 4289 videbatui-z
1999 4232 2295 4330 cooptati?
2312 4234 2477 4293 enim
2506 4232 2768 4317 collegio-

617 4320 754 4361 rum
779 4301 852 4361 ad
884 4304 1089 4387 populi
1120 4305 1482 4370 beneficium
1505 4312 1985 4375 transferebatur<
2032 4319 2235 4399 -Atque
2264 4314 2316 4379 13
2337 4316 2598 4399 primum
2617 4320 2766 4384 insti·

609 4385 738 4447 tuit
765 4387 830 4451 in
855 4388 1054 4457 forum
1069 4392 1270 4462 versus
1291 4417 1475 4486 agere
1491 4416 1643 4464 cum
1656 4402 1913 4489 populos
1926 4415 2147 4473 »tamen
2159 4404 2319 4473 illius
2336 4406 2766 4483 vendibileuo·

2914 1910 2915 1917 i

2914 1920 2915 1935 l

2914 1958 2916 1971 l

2914 2040 2915 2055 l

2914 2076 2915 2083 i
