2984 4942
431 385 566 445 208
1092 372 1190 437 M.
1234 369 1540 435 TULLII
1582 369 2044 435 CICERONIS

513 511 768 585 honore,
816 520 880 573 et
907 529 942 570 a
970 520 1286 593 poetarum
1329 506 1519 569 salute
1561 504 1898 569 abhorrere.
1989 506 2193 585 Atque
2238 517 2309 567 ut
2337 504 2400 567 id
2430 502 2744 577 libentius·

517 599 767 675 faciatis,
824 599 952 681 jam
1002 615 1100 657 me
1156 594 1349 671 vobis,
1395 593 1429 658 J
1435 592 1663 671 udiceS,
1707 594 2010 669 indicabO,
2053 604 2115 653 et
2156 592 2234 653 de
2267 613 2410 656 meo
2451 598 2726 677 quodam

429 693 717 749 40arnore
738 686 945 769 gloriae
972 682 1153 746 nimis
1181 688 1300 746 acri
1328 682 1588 758 fortaffe‚
1631 697 2026 744 veruntamen
2054 678 2330 755 honest0,
2376 684 2547 747 vobis
2568 705 2726 748 con-

512 773 748 836 fitebor.
837 772 1004 834 Nam
1034 791 1184 854 quas
1229 791 1324 834 res
1368 791 1478 834 nos
1510 770 1573 831 in
1603 769 1913 832 consulatu
1943 767 2148 832 nostro
2188 767 2498 834 vobiscum
2543 772 2724 836 simui

510 882 623 947 pro
651 860 835 922 salute
879 860 1064 944 hujus
1106 858 1271 921 urbis
1294 871 1474 941 atque
1506 856 1762 941 imperii,
1806 870 1868 919 et
1900 878 2010 940 pro
2038 856 2163 918 vita
2191 855 2443 933 civium,
2489 881 2719 943 proque

512 949 785 1012 universa
834 968 1040 1031 repup.
1094 945 1396 1032 gestimus,
1442 945 1639 1030 attigit
1681 943 1777 1008 hic
1806 945 2091 1021 versibuS,
2135 955 2319 1026 atque
2373 945 2720 1011 inchoavit:

513 1038 717 1119 quibus
768 1036 1009 1111 auditis,
1054 1035 1218 1117 quod
1269 1034 1419 1096 mihi
1470 1055 1690 1118 magna
1732 1054 1829 1096 res
1858 1048 1920 1095 et
1941 1032 2214 1118 jucunda
2243 1032 2366 1095 visa
2394 1033 2501 1110 est,
2545 1035 2718 1100 hunc

427 1126 586 1188 45ad
618 1123 1046 1205 perficiendum
1075 1122 1342 1185 hortatus
1372 1121 1524 1184 sum.
1616 1120 1861 1182 Nullam
1909 1126 2070 1183 enim
2121 1120 2311 1183 virtus
2344 1122 2518 1185 aliam
2548 1145 2722 1186 mer·

510 1213 723 1275 cedem
772 1212 1043 1274 laborum
1108 1210 1633 1293 periculorumque
1684 1208 1996 1284 defiderat,
2041 1221 2260 1293 praeter
2309 1207 2462 1272 hanc
2516 1212 2724 1275 laudis

510 1314 576 1362 et
604 1300 841 1385 gloriae:
889 1323 997 1381 qua
1028 1298 1266 1382 quidem
1297 1298 1591 1372 detrakh,
1642 1296 1672 1360 J
1681 1298 1906 1371 udiceS‚
1947 1296 2098 1380 quid
2143 1295 2232 1358 est
2274 1298 2439 1378 quod
2481 1297 2542 1358 in
2591 1297 2724 1365 hoc

511 1403 638 1451 tam
683 1389 904 1472 exiguo
954 1390 1097 1451 vitae
1148 1386 1462 1461 curriculo,
1508 1399 1569 1448 et
1619 1399 1744 1446 tam
1791 1383 1980 1459 brevi,
2021 1387 2224 1447 tantis
2272 1405 2386 1448 nos
2408 1385 2472 1446 in
2499 1385 2725 1449 labori-

508 1475 626 1539 bus
672 1505 698 1529 ι·
721 1474 1152 1539 exerceamus?
1201 1475 1382 1538 Certe
1408 1475 1447 1535 fi
1479 1473 1627 1536 nihil
1647 1472 1883 1535 animus
1907 1471 2274 1555 praesentiret
2302 1472 2367 1533 in
2388 1472 2720 1555 posterum,

427 1572 575 1629 Soet
647 1564 712 1639 fi,
772 1564 988 1645 quibus
1029 1561 1416 1645 ‘regionibus
1484 1562 1627 1623 vitae
1680 1559 1937 1640 spatium
2012 1560 2532 1642 circumscriptum
2606 1561 2724 1636 est,

510 1670 541 1713 g
574 1652 798 1712 eisdem
829 1669 1043 1710 omnes
1093 1648 1489 1730 cogitationes
1530 1646 1881 1708 terminaret
1931 1646 2102 1722 suas;
2149 1667 2264 1709 nec
2293 1648 2474 1709 tantis
2531 1649 2596 1710 se
2637 1651 2726 1711 la-

509 1736 756 1797 boribus
803 1732 1132 1818 frangeret,
1197 1754 1312 1794 nec
1368 1745 1462 1794 tot
1517 1732 1678 1795 curis
1728 1733 2052 1817 vigiliisque
2105 1748 2445 1819 angeretur,
2523 1757 2728 1819 neque

510 1822 691 1883 toties
718 1822 794 1897 de
833 1819 954 1882 vita
985 1819 1107 1903 ipsa
1158 1820 1491 1882 dimicaret.
1583 1824 1615 1870 h
1647 1819 1830 1883 Nunc
1879 1821 2088 1884 insidet
2135 1822 2420 1906 quaedam
2471 1823 2537 1885 in
2569 1825 2729 1907 opti-

509 1929 616 1970 mo
642 1929 884 1991 quoque
929 1908 1141 1983 virtus,
1185 1929 1323 1992 quae
1368 1907 1583 1971 noctes
1612 1921 1675 1969 et
1725 1909 1853 1971 dies
1882 1911 2153 1973 animum
2206 1910 2414 1995 gloriae
2466 1919 2478 1964 i
2513 1910 2722 1974 stimu-

428 1997 585 2059 551is
644 1996 928 2073 concitat,
975 2010 1158 2079 atque
1209 1995 1518 2071 admonet,
1585 2017 1712 2057 non
1765 2018 1910 2060 cum
1957 1998 2095 2061 vitae
2136 2011 2408 2082 tempore
2461 1999 2577 2061 effe
2633 2000 2724 2062 di-

509 2087 870 2149 mittendam
932 2089 1570 2148 commemorationem
1621 2085 1885 2148 nominis
1932 2084 2134 2162 nostri,
2204 2085 2304 2148 sed
2367 2108 2512 2150 cum
2557 2089 2724 2148 omni

506 2173 851 2258 posteritate
921 2174 1375 2255 adaequandam.
1468 2174 1575 2234 An
1643 2193 1787 2235 vero
1843 2187 1968 2235 tam
2021 2174 2181 2255 parvi
2259 2174 2447 2236 animi
2519 2176 2720 2237 videa·

508 2282 650 2324 mur
678 2262 792 2324 effe
822 2282 1055 2334 omnes,
1100 2260 1201 2342 qui
1232 2259 1296 2322 in
1326 2261 1536 2343 repub.
1569 2272 1745 2341 atque
1777 2261 1839 2321 in
1869 2261 1959 2324 his
1990 2263 2134 2326 vitae
2182 2261 2470 2345 periculis
2503 2262 2713 2326 labori-

508 2348 742 2433 busque
769 2349 1094 2423 versamur,
1140 2358 1230 2423 ut,
1290 2370 1448 2423 cum,
1502 2346 1686 2430 usque
1716 2348 1790 2409 ad
1827 2363 2168 2414 extremum
2201 2349 2481 2433 spatium,
2524 2354 2559 2400 ¹1
2591 2351 2716 2415 nul-

436 2434 651 2499 GOlum
706 2436 1096 2517 tranquillum
1149 2450 1326 2517 atque
1369 2434 1630 2498 otiosum
1661 2433 1922 2517 spiritum
1974 2438 2347 2512 duxerimuS,
2394 2437 2710 2503 nobiscum

510 2520 686 2586 fimul
714 2522 1005 2585 moritura
1032 2524 1236 2584 omnia
1266 2521 1671 2585 arbitremur?
1722 2526 1825 2584 An
1855 2545 2000 2586 cum
2035 2524 2256 2587 statuas
2295 2538 2358 2587 et
2413 2528 2716 2611 imagines»,

511 2632 637 2672 non
682 2610 1023 2672 animorum
1075 2608 1407 2682 fimulacra,
1451 2609 1554 2671 sed
1591 2631 1930 2692 corporum,
1975 2610 2233 2674 studiose
2285 2613 2468 2676 multi
2518 2615 2716 2677 summi

508 2698 786 2762 homines
832 2697 1202 2781 reliquerint,
1246 2696 1628 2760 consiliorum
1677 2698 2006 2778 relinquere
2050 2720 2119 2761 ac
2163 2700 2462 2764 virtutum
2502 2702 2715 2764 nostra·

510 2807 649 2849 rum
707 2785 971 2870 effigiem
1022 2806 1224 2847 nonne
1275 2785 1471 2847 multo
1523 2786 1701 2847 malle
1759 2785 2075 2862 debemus,
2144 2785 2396 2852 summis
2468 2789 2712 2875 ingeniis

429 2874 842 2960 65express‘am
896 2887 957 2936 et
1002 2871 1299 2957 politam?
1366 2873 1500 2958 Ego
1557 2892 1701 2936 vero
1751 2875 1979 2949 omnia,
2045 2896 2177 2957 quae
2231 2876 2539 2959 gerebam,
2597 2879 2718 2963 jam

512 2978 648 3027 tum
700 2964 762 3026 in
813 2964 1081 3048 gerendo
1129 2961 1401 3047 spargere
1453 2983 1552 3023 me
1604 2983 1673 3026 ac
1720 2960 2095 3026 diffeminare
2147 2962 2488 3027 arbitrabar
2517 2972 2577 3029 in
2626 2986 2716 3027 or-

513 3051 607 3116 bis
634 3065 809 3115 terrae
839 3051 1194 3115 memoriam
1225 3049 1668 3135 sempiternam.
1759 3049 1916 3114 Haec
1943 3072 2087 3114 vero
2138 3050 2254 3114 five
2298 3073 2334 3115 a
2372 3074 2516 3116 meo
2546 3052 2715 3117 sensu

537 3271 906 3358 efatigemus.
1077 3276 1101 3321 f
1125 3258 1457 3357 termiff'i
1564 3290 1595 3334 g
1626 3283 1678 3333 et
1720 3274 1976 3337 interiret
1995 3299 2121 3338 cum
2170 3292 2401 3358 corpore.
2548 3280 2579 3326 ¹²
2594 3275 2719 3361 fid.

698 3375 712 3407 ¹
762 3358 1076 3441 cupiditate.
1170 3364 1203 3410 k
1237 3356 1524 3446 nimquam
1573 3361 1877 3442 tranquille
1890 3375 1943 3423 et
1967 3363 2118 3447 otiose
2136 3365 2461 3425 vixerimus.
2593 3374 2602 3381 ’

493 3583 573 3629 49.
609 3578 706 3628 Pro
737 3572 883 3627 salute
918 3580 1049 3642 'enjus
1070 3580 1239 3640 urbia]
1273 3582 1444 3629 Cicero
1468 3580 1541 3625 sa-
1667 3579 1748 3625 56.
1791 3577 1907 3627 Tam
1934 3583 2069 3641 parvi
2105 3583 2290 3643 animi.]
2324 3583 2470 3632 Pam·
2513 3588 2587 3631 est
2618 3586 2721 3632 ani·

427 3650 559 3694 tetur
574 3646 743 3693 eodem
759 3642 996 3695 desiderio
1012 3648 1167 3695 laudis
1185 3663 1236 3694 se
1249 3644 1422 3698 teneri,
1444 3656 1542 3703 quo
1604 3641 1691 3700 mi,
1706 3657 1820 3691 cum
1835 3646 2042 3694 sciamus
2056 3649 2222 3695 omnia
2235 3662 2344 3695 esce
2359 3650 2718 3704 interitura,boc

428 3711 624 3772 alii,qui
643 3717 811 3771 poetas
824 3724 993 3760 seeum
1018 3714 1308 3765 habuerunt,
1323 3708 1540 3768 adeoque
1606 3722 1811 3768 parvum
1834 3711 1941 3759 vite
1957 3712 2173 3771 spatium
2190 3713 2392 3761 assiduis
2413 3713 2651 3761 laboribu-
2672 3722 2722 3759 et

425 3778 734 3826 exhortatum
750 3774 892 3824 sitisse
924 3778 1170 3834 Archiam,
1200 3782 1253 3822 ut
1269 3772 1543 3832 opus,quod
1606 3772 1841 3832 periculis
1859 3784 2130 3826 conterere.

424 3842 490 3889 de
527 3857 578 3891 se
609 3848 806 3903 propter
840 3840 1232 3902 conjurationem
1268 3838 1544 3886 extinctam
1676 3839 1754 3887 61.
1791 3843 1990 3888 Ancum
2006 3848 2184 3889 statuae
2201 3848 2245 3888 et
2266 3842 2533 3902 imagines]
2551 3846 2724 3892 osten-

424 3909 765 3963 inchoaverat;
790 3908 1072 3965 perficeret.
1610 3903 1699 3959 dit,
1722 3904 1760 3950 si
1781 3913 1965 3953 statuas
1984 3906 2206 3953 homines
2228 3908 2470 3965 ambiant,
2515 3922 2621 3969 quse
2642 3921 2723 3955 ve·

491 3977 570 4023 49.
635 3973 837 4021 Animus
870 3970 1151 4032 praescntitet
1193 3969 1242 4016 in
1275 3963 1546 4030 posterum]
1609 3972 1792 4017 tuutate
1808 3971 2134 4027 collabuntur,
2168 3978 2341 4025 optare
2365 3972 2721 4032 potiuedebere
2755 3994 2766 4009 ·

427 4038 591 4087 Docet
612 4038 742 4099 quod
780 4035 868 4082 nisi
909 4034 1100 4083 animus
1142 4034 1467 4081 immortalem
1495 4046 1547 4078 se
1613 4033 1919 4083 consiliorum
1944 4051 2136 4083 suorum
2151 4044 2204 4083 et
2217 4037 2456 4084 virtutum
2479 4038 2723 4098 imagines,

424 4103 645 4152 futurum
674 4099 998 4160 praesentiret,
1020 4113 1114 4147 non
1138 4104 1214 4147 tot
1227 4114 1278 4147 se
1301 4098 1544 4145 laboribus
1606 4111 1713 4157 qun.-
1732 4114 1818 4158 per
1833 4109 2001 4161 poem
2013 4100 2075 4148 nd
2095 4108 2381 4162 perpetuam
2401 4103 2613 4151 nominis
2628 4106 2724 4162 glo-

423 4175 478 4215 et
495 4170 626 4227 curin
649 4169 912 4226 torqueret.
1606 4163 1732 4210 rium
1756 4166 2120 4226 exprimuntur.

488 4236 572 4282 53.
612 4234 688 4280 De
724 4229 818 4277 vita
842 4228 941 4290 ipsa
976 4226 1254 4287 dimicaret]
1290 4226 1541 4276 Dimicare
1672 4228 1750 4277 66.
1771 4231 1993 4292 Spargere
2007 4229 2116 4289 πει]
2136 4231 2437 4291 Metaphora
2453 4238 2646 4292 sumpta
2661 4230 2723 4279 ab

425 4296 489 4343 «le
513 4299 614 4344 vita
635 4296 842 4352 animine,
880 4295 965 4356 qui
989 4294 1275 4343 immortalis
1304 4299 1398 4351 est,
1439 4307 1539 4340 nou
1606 4292 1850 4351 agricolis,
1876 4296 1957 4356 qui
1980 4295 2166 4343 semina
2189 4303 2399 4356 upagunt
2420 4304 2474 4341 ut
2490 4301 2690 4345 metant,

426 4364 619 4419 potest:
644 4374 798 4420 quare
833 4373 926 4423 per
943 4359 1179 4418 animum,
1206 4361 1364 4426 ipsum
1388 4359 1541 4409 homi·
1669 4358 1753 4406 ⁶7.
1804 4360 1909 4406 Sive
1956 4374 1985 4403 a
2020 4375 2114 4406 meo
2151 4359 2332 4420 sensa]
2400 4362 2610 4408 Videtur
2643 4360 2720 4406 hic

428 4436 543 4470 nem
575 4423 814 4483 intelligit.
1609 4419 1830 4471 dubitare
1881 4423 2059 4474 Cicero
2108 4422 2173 4479 de
2213 4424 2489 4477 animorum
2533 4428 2720 4479 immor·
