2984 4942
1234 369 1477 435 VIT
1524 372 1606 435 A.
2466 371 2590 437 xffi':

267 526 407 604 τρεῖς
452 511 621 598 quod
664 509 793 573 illle
825 504 1161 608 praesertim
1197 501 1706 604 oboPompeium·
1729 501 2040 569 absentem
2061 502 2290 587 cupide
2316 502 2571 605 recepit!

271 597 1031 753 gzffiffvggffiaffinoe
1058 614 1125 656 m
1153 590 1448 657 studiosos
1476 603 1764 675 potenti-«e
1792 611 2151 676 paucorum,
2200 605 2263 654 et
2289 589 2578 676 Pompeii

776 812 1085 879 ANNUS
1124 811 1394 878 URBIS
1442 806 1878 876 CONDITAE
1919 818 2065 876 688.

270 949 421 1037 Cqffi
478 944 559 1008 L.
611 945 847 1008 Aurelio
902 945 1089 1019 Cotta,
1145 942 1229 1004 L.
1291 940 1529 1005 Manlio
1587 941 1883 1023 Torquato,
1929 955 2056 1004 aare
2117 940 2406 1030 Cbrssum
2462 948 2576 1025 64.

892 1032 1176 1097 Ciceronis
1204 1028 1969 1115 quadragqfimusficundus.

357 1151 503 1216 Hoc
532 1173 695 1216 anno
723 1153 898 1241 plura
920 1150 1232 1236 contigere
1255 1149 1426 1234 prodi
1470 1150 1549 1227 ia,
1572 1152 1711 1235 qu‘ae
1732 1148 2002 1214 versibus
2021 1148 2571 1231 descripfitcicem.

270 1241 365 1303 Ex
391 1255 651 1324 praetura
668 1242 736 1303 in
757 1239 1133 1323 provinciam
1163 1237 1326 1300 abire
1354 1256 1397 1298 n
1463 1239 1583 1313 uit3
1613 1238 1758 1322 quia
1778 1239 1844 1300 in
1866 1258 2099 1301 annum
2117 1236 2468 1319 sequentem
2497 1239 2578 1300 de

275 1327 596 1390 consulatu
625 1329 892 1412 petendo
921 1324 1243 1411 cogitabat.
1302 1323 1663 1388 Cornelium
1693 1328 1774 1388 de
1794 1325 2104 1411 majestate
2125 1326 2289 1409 apud
2317 1324 2406 1411 Q.
2430 1325 2582 1387 Gal-

276 1417 430 1477 lium
460 1413 792 1479 Praetorem
822 1413 1147 1496 quatriduo
1177 1411 1482 1475 defendit:
1528 1412 1631 1477 sed
1660 1414 1901 1477 illarum
1931 1414 2283 1479 orationum.
2305 1412 2591 1498 reliquiae.

275 1503 556 1588 quaedam
588 1514 828 1565 tantum
859 1515 1068 1564 extant
1087 1500 1251 1587 apud
1283 1499 1642 1565 Asconium.

777 1630 1089 1697 ANNUS
1133 1630 1400 1696 URBIS
1447 1629 1882 1696 CONDITAE
1926 1639 2075 1698 689.

285 1763 423 1853 Cqffi
454 1763 537 1829 L.
573 1762 741 1853 Julio
774 1761 1009 1848 Cqfitre,
1063 1763 1131 1827 C'.
1168 1761 1408 1825 Marcio
1449 1748 1670 1846 Figalo,
1716 1775 1849 1826 ante
1881 1761 2172 1850 Chrssum
2201 1770 2308 1828 63.
2362 1766 2583 1830 Cicero·

1018 1853 1109 1912 nis
1136 1849 1588 1936 quadragffimus
1616 1853 1838 1916 tertius.
2331 1880 2340 1891 ·

366 1960 532 2026 Cum
561 1983 794 2026 annum
825 1960 1352 2049 quadragesimum
1392 1962 1666 2037 tertium,
1712 1963 1823 2047 qui
1852 1963 2180 2028 consularis
2208 1963 2319 2040 est,
2363 1962 2585 2027 Cicero

278 2049 582 2135 attigisset,
624 2051 1003 2114 consulatum
1034 2049 1272 2134 petivit:
1317 2049 1381 2111 in
1407 2071 1533 2133 quo
1563 2049 1830 2133 petendo
1851 2070 1996 2114 cum
2025 2051 2127 2114 sex
2156 2051 2587 2135 competitores

277 2138 552 2213 haberet,
598 2160 721 2202 una
764 2160 915 2202 voce
955 2138 1168 2223 populi
1215 2135 1490 2200 Romani
1520 2137 1755 2222 primus
1785 2136 2017 2201 Consul
2048 2138 2440 2201 renunciatus
2477 2136 2584 2201 est.

282 2225 449 2288 Cum
479 2239 686 2289 autem
714 2226 781 2291 iu
828 2227 957 2289 dies
1001 2225 1248 2301 lieentia
1276 2226 1542 2290 ambitus
1573 2239 1900 2312 augeretur
1931 2240 2185 2313 propter
2212 2226 2588 2311 praecipuam

283 2308 565 2378 Catilinae
596 2328 656 2375 et
688 2313 947 2377 Antonii
975 2314 1315 2391 audaciam,
1361 2313 1673 2382 censuerat
1692 2312 1978 2391 Senatus»,
2024 2328 2094 2378 ut
2122 2314 2200 2377 ad
2228 2316 2248 2377 l
2328 2334 2428 2377 em
2460 2333 2591 2377 am-

281 2397 451 2463 bitiis
480 2420 664 2484 poena
710 2392 717 2403 ’
766 2401 930 2464 avior
975 2400 1316 2465 adderetur.
1406 2401 1529 2471 Cui
1557 2401 1646 2467 rei
1673 2422 1818 2466 cum
1864 2402 1951 2490 Q.
1983 2337 2591 2467 Muciusegrestinus

281 2486 578 2551 Tribunis
604 2422 798 2574 plebis
818 2488 1244 2568 intercessifl'et,
1274 2492 1536 2576 graviter
1556 2490 1788 2557 Senatu
1818 2489 2298 2555 intercessionem
2328 2488 2588 2567 ferente,

282 2575 502 2639 Cicero
532 2577 807 2656 surrexit,
837 2592 1022 2665 atque
1051 2577 1112 2641 in
1138 2578 1473 2643 coitionem
1499 2578 1778 2645 Catilinae
1799 2593 1861 2642 et
1885 2579 2143 2643 Antonii
2167 2577 2446 2643 inveEtus
2477 2576 2592 2655 est,

282 2662 491 2729 habita
516 2669 787 2729 oratione
817 2667 878 2729 in
910 2682 1052 2753 toga
1083 2666 1360 2745 candida,
1406 2688 1530 2751 qua
1573 2666 1900 2735 utebantur
1931 2667 2039 2752 qui
2068 2665 2454 2752 magistratus
2483 2687 2593 2748 pe-

284 2751 511 2817 tebant.
585 2752 730 2817 Hoc
760 2754 979 2819 eodem
1026 2777 1188 2822 anno
1237 2754 1322 2842 Q.
1358 2755 1637 2821 Gallium
1669 2756 1745 2818 de
1789 2755 2025 2827 ambitu
2075 2754 2379 2829 defendit,
2423 2750 2594 2836 quod

281 2854 561 2924 praeturae
593 2842 948 2913 candidatus
976 2843 1382 2929 gladiatorum
1404 2864 1632 2909 munus
1655 2842 1925 2906 dedisset.

790 2970 1101 3036 ANNUS
1143 2972 1417 3034 URBIS
1460 2967 1898 3035 CONDITAE
1942 2975 2091 3034 690.

296 3102 437 3195 Cqffi
467 3100 576 3164 M.
611 3100 791 3165 Tullio
841 3101 1121 3178 Cicerone,
1175 3101 1246 3165 C.
1289 3100 1556 3180 Antonio,
1596 3114 1729 3165 ante
1782 3100 2071 3190 Christum
2117 3108 2225 3166 62.
2310 3102 2594 3171 Ciceronis

1081 3186 1533 3275 quadragffimus
1559 3204 1820 3276 quartus.

373 3299 539 3365 Cum
568 3299 706 3363 Kal.
732 3299 1033 3367 Ianuariis
1061 3299 1139 3361 de
1169 3319 1347 3364 more·
1369 3298 1770 3365 Consulatum
1801 3298 2023 3365 Cicero
2047 3300 2288 3380 iniisset,
2316 3303 2467 3369 vidit
2495 3305 2592 3368 ni-

288 3389 377 3452 hil
405 3389 520 3451 effe
544 3388 714 3465 mali,
743 3389 911 3472 quod
937 3408 1061 3451 non
1090 3385 1237 3450 boni
1258 3401 1627 3467 metuerent,
1658 3402 1722 3452 et
1749 3388 2013 3473 improbi
2040 3390 2454 3475 expectarent.
2500 3392 2595 3456 Eo

287 3476 455 3541 enim
483 3493 759 3558 tempore
787 3477 983 3539 multa
1008 3475 1189 3538 multi
1218 3475 1650 3555 moliebantur,
1679 3499 1749 3541 ac
1772 3477 1840 3538 in
1862 3477 2075 3561 primis
2100 3477 2367 3543 Tribuni
2393 3479 2592 3563 plebis

291 3564 571 3628 Antonio
580 3562 764 3652 freti,
793 3562 1268 3647 proscriptorum
1298 3586 1333 3626 a
1360 3563 1529 3651 Sylla
1557 3565 1802 3640 liberos,
1832 3566 1941 3647 qui
1968 3565 2263 3649 petitione
2283 3565 2594 3631 honorum

290 3651 508 3736 privati
535 3666 731 3727 erant,
758 3651 837 3714 ad
865 3650 1250 3736 magistratus
1284 3652 1686 3718 adducebant.
1765 3651 1994 3715 Rullus
2021 3653 2224 3740 legem
2251 3653 2487 3721 ferebat
2513 3655 2593 3719 de

290 3740 450 3823 agris
478 3760 588 3822 per
612 3738 853 3802 Italiam
873 3738 1240 3803 dividendis:
1269 3738 1579 3804 Labienus
1606 3754 1817 3804 contra
1839 3738 2168 3805 Rabirium
2186 3741 2421 3813 tabulas
2450 3763 2596 3827 pro-

289 3825 595 3910 ponebat:
637 3828 941 3891 tumultus
969 3827 1034 3889 in
1061 3825 1333 3891 Theatro
1361 3846 1573 3893 contra
1593 3828 1912 3899 Othonem
1933 3841 1997 3891 et
2023 3829 2263 3913 equites
2290 3831 2596 3895 excitaba-

290 3927 393 4066 ἓξ
395 3913 1796 4089 ³3:2¹3?ss{2‘32251212523.⁶222.¹2‘„¹32qffi5¹
1795 3917 2191 4090 &gamm
2192 3917 2596 4069 2⁸:¹13}ssss

293 4089 474 4153 nibus
503 4105 638 4152 tum
662 4090 817 4153 mira
838 4089 1027 4153 animi
1056 4089 1438 4168 fortitudine,
1464 4104 1602 4155 tum
1632 4091 1970 4157 admirabili
1996 4093 2348 4177 eloquentia
2374 4090 2595 4157 Cicero

296 4177 547 4240 occurit.
606 4178 774 4242 Nam
799 4178 1147 4241 Antonium
1168 4178 1458 4261 patientia
1485 4193 1550 4244 et
1577 4179 1873 4264 obsequio
1900 4181 2228 4268 mitigavit,
2250 4178 2432 4262 eique
2450 4178 2593 4245 Ma-

295 4264 636 4344 cedoniam,
682 4287 869 4349 quam
908 4265 1151 4330 sortitus
1180 4280 1331 4343 erat,
1373 4268 1749 4351 provinciam
1776 4267 2019 4347 detulit,
2065 4268 2296 4352 sibique
2324 4265 2594 4333 Galliam

295 4350 621 4435 assumpsit,
641 4376 783 4437 quae
816 4354 1093 4418 Antonio
1113 4353 1466 4419 obvenerat:
1496 4355 1973 4442 proscriptorum
1999 4356 2221 4420 liberos
2244 4353 2363 4422 suia
2389 4355 2594 4420 inimi-

296 4438 478 4520 citiis„
503 4441 665 4506 nulla
686 4439 950 4509 Senatus
973 4443 1127 4509 mala
1149 4441 1365 4532 gratia,
1388 4442 1853 4533 magistratuum
1873 4444 2106 4511 honore
2126 4443 2402 4531 privavit,
2423 4465 2524 4523 ne,
2547 4442 2590 4517 fi
