2984 4942
412 406 557 489 234,
1078 388 1183 454 M.
1221 374 1528 454 TULLII
1572 386 2037 453 CICERONIS

494 528 778 603 minab03
823 536 1061 592 tantum
1089 523 1155 585 in
1184 523 1386 586 medio
1411 523 1768 605 relinquam.
1855 520 1925 583 Si
1952 541 2090 604 quae
2119 538 2245 583 non
2275 524 2462 604 nupta
2486 525 2723 590 mulier

496 620 745 682 domum
788 613 957 677 suam
1014 608 1366 696 patefecerit
1412 610 1686 674 omnium
1729 609 2058 692 cupiditati,
2106 609 2426 693 palamque
2485 611 2602 675 sese
2639 614 2730 677 in

496 701 833 770 meretricia
877 700 1000 763 vita
1045 698 1376 774 collocarit,
1418 698 1688 761 virorum
1734 695 2225 760 alieniffimnrum
2273 698 2566 762 conviviis
2623 700 2728 765 uti

414 790 854 861 36instituerit:
900 786 942 849 s1
970 786 1089 850 hoc
1140 786 1204 848 in
1253 786 1408 861 urbi,
1454 785 1496 847 fi
1548 785 1612 848 in
1656 784 1870 860 hortis,
1915 783 1955 845 fi
2002 783 2067 845 in
2099 784 2377 849 Baiarum
2425 786 2528 849 illa
2555 787 2724 851 ceh-

497 880 714 944 britate
741 875 962 942 faciet:
1006 874 1046 936 fi
1079 874 1331 957 denique
1375 873 1461 936 ita
1504 872 1626 935 sese
1668 885 1859 957 geret,
1903 893 2032 934 non
2077 871 2298 936 inceffu
2349 873 2569 948 solum,
2615 875 2721 940 sd

499 982 719 1033 ornatu
761 979 938 1049 atque
969 962 1295 1037 comitatu3
1341 982 1467 1023 non
1519 959 1832 1045 flagrantia
1877 960 2219 1037 oculorum,
2261 980 2390 1024 non
2437 963 2724 1027 libertate

500 1052 815 1130 sermonis,
857 1050 963 1116 sed
1011 1049 1195 1114 etiam
1245 1050 1590 1130 complexu,
1633 1047 2024 1121 osculatione,
2071 1048 2265 1132 aquiS,
2310 1053 2728 1135 navigatione,

501 1143 809 1218 conviviis,
856 1154 927 1203 ut
978 1158 1103 1201 non
1149 1136 1345 1201 solum
1394 1140 1700 1211 meretrix,
1743 1134 1850 1198 sed
1897 1138 2078 1198 etiam
2130 1156 2350 1218 procax
2397 1138 2678 1201 videatur
2703 1162 2728 1203 t

419 1240 650 1299 «iocum
674 1228 789 1294 hac
820 1227 862 1290 si
891 1226 1024 1308 quis
1068 1223 1414 1290 adolescens
1455 1224 1614 1287 forte
1659 1223 1867 1298 fuerit,
1912 1237 2115 1288 utrum
2159 1222 2262 1287 hic
2292 1224 2418 1302 tibi,
2457 1224 2529 1287 L.
2570 1226 2728 1290 He-

499 1318 698 1395 renni,
742 1316 999 1391 adulter,
1043 1335 1121 1376 an
1171 1325 1441 1388 amator3
1505 1332 1853 1396 expugnare
1905 1310 2276 1397 pudicitiam,
2341 1333 2418 1375 an
2471 1315 2730 1398 explere

496 1408 809 1473 libidinem
865 1402 1107 1467 voluisse
1152 1400 1469 1466 videatur?
1561 1399 1904 1464 obliviscor
1934 1399 2064 1485 jam
2115 1399 2388 1485 injuriae,
2455 1399 2679 1466 Clodia
2701 1425 2722 1466 ε

499 1497 738 1579 depono
768 1490 1123 1556 memoriam
1172 1489 1400 1553 doloris
1426 1488 1586 1552 mei:
1632 1510 1778 1571 quae
1806 1486 1912 1550 aba
1951 1501 2014 1550 te
2055 1488 2380 1552 crudeliter
2409 1488 2475 1551 in
2523 1510 2718 1567 meos,

501 1604 605 1648 me
632 1582 899 1655 absente,
942 1577 1111 1642 safia
1139 1576 1292 1651 sunt,
1337 1577 1623 1662 negligo;
1675 1597 1756 1638 ne
1798 1575 1912 1638 fiut
1956 1574 2095 1640 haec
2135 1576 2200 1639 in
2240 1590 2300 1639 te
2350 1575 2526 1639 dicta
2577 1600 2723 1662 quae

418 1671 670 1738 *sdixiz
713 1667 815 1731 sed
845 1687 922 1729 ex
948 1664 1161 1746 teipsa
1189 1664 1469 1746 requiro;
1514 1667 1802 1748 quoniam
1845 1680 1910 1726 et
1956 1664 2193 1727 crimen
2228 1662 2574 1729 acusatores
2617 1666 2720 1729 aba

503 1773 588 1833 te,
630 1769 695 1820 et
714 1752 932 1819 testem
959 1752 1086 1839 ejus
1115 1750 1385 1815 criminis
1423 1764 1485 1814 te
1514 1749 1699 1832 ipsam
1727 1751 1941 1815 dicunt
1969 1750 2029 1815 se
2057 1750 2322 1828 habere3
2370 1750 2410 1813 fi
2442 1773 2566 1834 qua
2597 1776 2723 1818 mu-

480 1844 615 1909 ‘liet
643 1843 711 1906 fit
739 1840 1109 1927 hujusmodi,
1153 1838 1392 1922 qualem
1423 1860 1542 1925 ego
1569 1840 1754 1922 paulo
1782 1855 1922 1902 ante
1952 1838 2244 1921 descripti,
2287 1839 2380 1903 tui
2409 1838 2725 1918 dissimilia,

500 1933 628 1996 vita
654 1929 1046 2012 institutoque
1094 1926 1460 2005 meretricio,
1506 1948 1648 1990 cum
1696 1926 1812 1991 bac
1857 1927 2086 2010 aliquid
2137 1926 2583 1991 adolescentem
2615 1929 2727 1992 ho-

506 2020 739 2085 minem
789 2016 1057 2081 habuiffe
1102 2015 1371 2093 rationis,
1414 2036 1567 2078 num
1610 2015 1723 2079 tibi
1766 2028 2071 2100 perturpe,
2112 2031 2218 2078 aut
2262 2014 2724 2101 perflagitiosum

422 2109 624 2177 5oeffe
651 2104 973 2171 videatur?
1035 2104 1124 2168 Ea
1168 2102 1209 2166 si
1238 2118 1309 2166 tu
1350 2124 1478 2168 non
1521 2123 1610 2178 eS,
1656 2103 1805 2167 ficut
1849 2125 1967 2189 ego
2011 2104 2198 2181 malo,
2241 2103 2387 2185 quid
2427 2103 2516 2167 est
2561 2106 2726 2187 quod

506 2196 797 2283 objiciant
825 2192 1074 2258 Coelio?
1121 2191 1207 2255 fin
1254 2213 1388 2256 eam
1432 2206 1495 2254 te
1536 2191 1752 2253 volunt
1779 2192 1917 2266 effe,
1961 2192 2102 2274 quid
2148 2190 2258 2267 est,
2301 2212 2413 2255 cur
2456 2212 2572 2255 nos
2607 2194 2726 2255 cri-

505 2305 651 2347 men
679 2283 820 2359 hoc,
850 2282 891 2343 fi
922 2296 992 2345 tu
1015 2279 1375 2357 contemnis,
1403 2278 1944 2365 pertimescamus?
1992 2279 2226 2365 Quare,
2254 2278 2429 2343 nobis
2457 2281 2538 2343 da
2565 2279 2725 2343 viam

505 2371 928 2453 rationemque
956 2366 1359 2444 defenfioni83
1405 2388 1548 2430 nam
1600 2382 1700 2431 aut
1743 2367 1942 2451 pudor
1969 2380 2102 2432 tuus
2130 2366 2446 2443 defendet,
2489 2367 2646 2429 nihil
2688 2390 2724 2431 a

508 2457 608 2522 M.
638 2457 843 2522 Coelio
871 2457 1237 2539 petulantius
1263 2455 1379 2519 effe
1429 2455 1711 2532 sactum3
1758 2468 1864 2518 aut
1915 2456 2294 2540 impudentia
2345 2467 2413 2518 et
2461 2455 2619 2531 huic,
2659 2469 2724 2520 et

427 2546 751 2613 sseoeteris
778 2563 1062 2629 magnam
1085 2544 1163 2606 ad
1193 2542 1253 2607 se
1281 2542 1739 2607 defendendum
1761 2542 2115 2608 facultatem
2144 2542 2329 2608 dabit.

592 2633 709 2697 IX.
752 2632 879 2696 Sed
930 2629 1208 2713 quoniam
1262 2629 1553 2721 emerfiffe
1595 2630 1723 2716 jam
1775 2651 1813 2692 e
1869 2630 2059 2707 vadis,
2125 2644 2189 2695 et
2247 2631 2528 2715 scopulos
2567 2651 2723 2715 prae-

508 2721 782 2787 tervecta
835 2719 1071 2784 videtur
1136 2718 1331 2781 oratio
1402 2737 1563 2793 mea,
1629 2716 1931 2802 perfacilis
1987 2717 2139 2784 mihi
2195 2720 2456 2802 reliquus
2517 2717 2724 2782 cursus

508 2809 866 2876 ostenditur.
953 2805 1105 2870 Duo
1155 2805 1293 2870 sunt
1343 2810 1505 2870 enim
1558 2805 1809 2869 crimina
1857 2827 1975 2870 una
2031 2807 2098 2869 in
2147 2808 2401 2871 muliere
2460 2806 2724 2871 summo·

510 2921 650 2962 rum
706 2898 1092 2962 facinorum
1156 2895 1310 2973 auri,
1376 2894 1543 2978 quod
1602 2891 1912 2979 sumptum
1963 2917 1999 2958 a
2047 2893 2265 2958 Clodia
2330 2894 2593 2957 dicitur:
2661 2909 2726 2959 et

428 2993 468 3051 5
510 2988 752 3064 veneni,
797 2987 963 3070 quod
1007 2982 1279 3070 ejusdem
1323 2980 1558 3046 Clodiae
1610 2982 1906 3047 necandae
1953 2982 2128 3046 causa
2173 2983 2397 3065 par-affe
2451 2983 2728 3046 Coelium

510 3075 927 3141 criminantur.
1020 3077 1265 3136 Aurum
1310 3070 1568 3154 sumpsit,
1618 3085 1687 3134 ut
1728 3070 1947 3148 dicitis,
1991 3072 2154 3153 quod
2196 3070 2272 3134 L.
2304 3069 2557 3135 Lucceii
2607 3070 2728 3134 ser-

511 3169 600 3227 vis
640 3164 835 3239 daret,
876 3180 987 3246 per
1029 3180 1180 3242 quos
1210 3160 1657 3225 Alexandrinus
1685 3159 1836 3235 Dio,
1880 3161 1981 3243 qui
2010 3174 2144 3223 tum
2192 3160 2354 3245 apud
2398 3159 2730 3223 Lucceium

509 3248 841 3324 habitabat,
868 3263 1205 3312 necaretur.
1297 3248 1602 3333 Magnum
1635 3248 1868 3310 crimen
1898 3249 1994 3311 vel
2022 3248 2088 3310 in
2115 3248 2326 3332 legatis
2353 3244 2723 3322 insidiandis„

512 3338 610 3399 vel
640 3336 703 3397 in
731 3335 912 3399 servis
953 3335 1029 3396 ad
1078 3333 1371 3417 hospitem
1426 3335 1590 3399 domi
1637 3334 1982 3400 necandum
2029 3332 2420 3399 solicitandis:
2462 3333 2725 3417 plenum

433 3423 748 3488 losceleris
799 3421 1135 3498 confilium,
1181 3424 1430 3507 plenum
1482 3422 1772 3486 audaciae.
1864 3422 2009 3508 Quo
2052 3424 2298 3506 quidem
2349 3423 2414 3485 in
2460 3420 2724 3485 crimine

509 3512 777 3596 primum
806 3510 951 3575 illud
994 3509 1318 3593 requiram,
1360 3510 1682 3574 dixerit-ne
1712 3508 1965 3585 Clodiae,
2011 3533 2196 3596 quam
2239 3513 2316 3574 ad
2345 3531 2477 3575 rem
2506 3529 2716 3573 aurum

509 3612 646 3663 tum
687 3598 972 3676 sumeret,
1015 3617 1094 3663 an
1144 3619 1270 3663 non
1314 3596 1578 3662 dixerit?
1641 3596 1683 3659 si
1733 3618 1860 3663 non
1913 3598 2091 3677 dixit,
2133 3618 2238 3665 cur
2281 3596 2499 3664 dedit?
2559 3595 2600 3658 fi
2630 3595 2716 3661 di-

486 3799 567 3846 32.
613 3796 677 3845 In
714 3795 858 3844 medio
903 3790 1197 3855 relinquam.)
1267 3789 1542 3864 Unicuique
1670 3792 1751 3839 40.
1787 3788 2042 3850 Herenni.)
2096 3791 2374 3841 Herennius
2394 3806 2519 3841 unus
2540 3790 2634 3839 fuit
2657 3803 2718 3839 ex

423 3862 671 3922 permittit
690 3869 745 3911 ut
765 3860 828 3908 de
846 3873 910 3907 ea
928 3859 991 3905 ad
1010 3855 1262 3905 arbitrium
1295 3869 1435 3903 suum
1457 3869 1542 3916 Ju-
1609 3855 1974 3904 accusatoribus
1998 3858 2159 3905 Coetii.

425 3927 578 3978 dicet.
1670 3921 1750 3968 43.
1785 3922 1898 3969 Qua·
1920 3921 2002 3967 abs
2023 3921 2110 3977 te.)
2141 3921 2344 3970 Familia
2362 3922 2616 3970 Ciceronis
2629 3917 2718 3968 mi-

490 3996 570 4042 33.
606 3992 668 4040 In
701 3990 960 4041 meretricia
987 3989 1083 4035 vita
1117 3981 1390 4042 collocarit.)
1439 3987 1542 4032 Ne·
1606 3999 1712 4032 aere
1737 4001 1767 4033 a
1791 3986 2041 4035 Clodianis
2073 3996 2253 4034 vexata
2274 3993 2370 4043 cst,
2404 3990 2642 4047 cumipse
2671 3985 2718 4031 iu

424 4058 545 4109 mini
590 4057 781 4108 mulieri
824 4060 1065 4117 questum
1100 4065 1187 4099 cuo
1224 4064 1428 4112 corpore
1465 4052 1540 4097 sa·
1603 4052 1806 4098 exilium
1833 4050 1972 4100 abiit.
2039 4050 2167 4100 Vide
2192 4053 2335 4100 Orat.
2359 4065 2452 4111 pro
2465 4054 2625 4099 domo.

422 4138 538 4172 cere
550 4123 710 4182 licuit,
728 4122 815 4172 nisi
838 4135 945 4181 qum
964 4116 1213 4166 licentiam
1235 4117 1393 4177 stupri
1410 4114 1541 4176 apud
1671 4118 1749 4162 47.
1787 4115 1882 4164 Tui
1906 4115 2179 4173 desse'mile‘s.)
2219 4117 2404 4164 ironice
2431 4117 2658 4177 loquitur.

424 4188 606 4238 AEdiles
624 4191 881 4250 vulgasset.
952 4182 1082 4230 Vide
1121 4183 1346 4230 Tacitum
1372 4182 1460 4227 auh
1484 4181 1541 4226 fi·
1677 4186 1715 4228 1.
1753 4180 2007 4232 Emer-sisse
2027 4196 2052 4227 e
2072 4180 2246 4239 uadis.)
2274 4183 2519 4241 Aliegoriu
2533 4181 2719 4240 sumpta

426 4266 540 4299 nem
567 4257 610 4299 Ω.
635 4253 717 4302 lib.
760 4258 890 4302 Ann.
926 4264 986 4299 ea
1019 4254 1186 4296 nutem
1220 4246 1335 4309 ipsis
1369 4246 1542 4293 condi·
1607 4260 1639 4293 a
1660 4245 2014 4307 navigantibus.

421 4317 493 4362 tio
537 4318 767 4377 impositu
799 4316 912 4377 fuit,
959 4318 1013 4362 ut
1054 4312 1166 4374 jure
1207 4312 1443 4359 cederent
1487 4318 1540 4357 et
1669 4314 1717 4357 6.
1752 4310 1980 4367 Lucceu‘.)
2039 4311 2273 4359 Lucceius
2306 4310 2387 4359 ille
2413 4309 2509 4358 suit
2531 4307 2714 4356 histori-

424 4377 663 4436 diguitate
683 4390 1041 4439 matronarum;
1062 4379 1246 4426 inducit
1262 4382 1427 4424 autem
1447 4388 1537 4421 ex·
1603 4390 1708 4430 cus,
1743 4378 1804 4422 ud
1827 4389 1969 4432 quem
1984 4381 2128 4423 extat
2147 4377 2398 4425 Ciceronis
2414 4376 2638 4434 epistola.

423 4446 638 4499 emplum
673 4448 1067 4506 hypotheticum,
1098 4457 1194 4505 quo
1222 4444 1537 4490 meretricem
1667 4444 1712 4487 ’7.
1741 4440 2096 4485 Alexandrinus
2120 4439 2260 4499 Dio.)
2317 4442 2390 4488 De
2414 4441 2506 4488 hoc
2529 4436 2710 4485 dictum

422 4505 667 4557 describit.
1604 4513 1676 4550 est
1695 4516 1858 4564 parag.
1886 4517 1931 4563 v„
1957 4505 1990 4550 1.
2017 4504 2063 4553 4.
