2984 4942
481 368 607 441 226
1179 350 1275 417 Μ.
1320 339 1634 417 TULLn‘
1657 344 2133 416 ‘CICERoNss

564 495 721 557 liena
748 502 1017 575 peccata,
1064 511 1146 552 ne
1179 488 1375 552 aetatis
1404 511 1473 551 ac
1517 501 1857 569 temporum
1887 487 2030 550 vitia
2081 500 2362 550 noceant.
2387 470 2616 574 'Atque
2643 512 2781 580 ego

566 582 749 654 idem,
795 581 922 662 qui,
965 578 1097 641 haec
1149 574 1408 660 postulo,
1455 575 1596 658 quin
1647 574 2022 648 criminibuS,
2068 594 2201 656 quae
2245 575 2308 637 in
2338 574 2507 642 hunc
2535 581 2788 664 proprie

565 666 978 743 conferuntur,
1022 664 1466 751 diligentissime
1495 663 1912 748 respondeam,
1957 683 2087 726 non
2114 663 2347 727 recuso.

1257 849 1687 918 SECUNDA
1751 849 1978 914 PARS

1247 1034 1998 1103 CONFUTATIONIS.

1301 1204 1400 1267 De
1441 1228 1583 1269 auro
1621 1217 1677 1267 et
1718 1228 1940 1268 veneno.

484 1377 736 1465 Ostendit
786 1380 848 1438 in
888 1374 993 1438 hac
1010 1386 1180 1458 parte
1222 1372 1435 1451 Cicero,
1481 1386 1655 1435 totum
1678 1375 1888 1434 crimen
1908 1374 2106 1434 veneni
2131 1385 2186 1434 et
2209 1376 2349 1434 auri
2367 1374 2664 1459 cotfifimh
2683 1378 2775 1466 ff

826 1488 863 1525 α
897 1461 1110 1539 Clodia,
1156 1462 1388 1524 muliere
1414 1461 1719 1543 impudica,
1762 1459 2162 1545 quamsprevit
2193 1459 2420 1524 coelius.

653 1628 771 1691 VI.
822 1627 976 1691 Sunt
1005 1641 1203 1691 autem
1234 1630 1359 1690 duo
1389 1622 1665 1701 crimina,
1711 1626 1865 1701 auri,
1896 1641 1959 1689 et
1986 1626 2206 1690 veneni
2231 1649 2247 1689 z
2289 1624 2353 1687 ’m
2381 1628 2610 1707 quibus
2645 1652 2774 1705 nna,

568 1730 749 1799 atque
800 1715 1011 1777 eadem
1067 1715 1312 1799 persona
1363 1712 1611 1776 vesatur.
1704 1715 1939 1778 Aurum
1985 1714 2295 1798 sumptum
2318 1736 2353 1775 a
2393 1713 2643 1793 Clodia,
2685 1741 2775 1782 ve-

566 1825 796 1867 nenum
837 1802 1185 1885 quaefitum,
1230 1803 1397 1886 quod
1421 1800 1657 1864 Clodiae
1700 1802 1964 1877 daretur,
2011 1801 2276 1876 dicitur;
2322 1803 2529 1866 omnia
2553 1804 2695 1868 sunt
2721 1828 2778 1868 a·

567 1892 669 1966 lia,
743 1912 867 1954 non
946 1892 1218 1965 crimina,
1262 1889 1606 1964 maledicta,
1668 1889 1851 1974 jurgii
1904 1891 2229 1973 petulantis
2290 1891 2507 1974 magiS,
2599 1915 2776 1976 quam

485 1983 526 2040 5
570 1980 829 2064 publicae
857 1978 1245 2061 quaestionis;
1278 1979 1536 2052 adulter,
1569 1978 1924 2061 impudicus,
1957 1976 2275 2059 sequester,
2299 1979 2650 2042 convicium
2671 1980 2775 2058 est,

570 2087 696 2132 non
726 2066 1024 2130 accusatio
1049 2091 1069 2142 ;
1116 2067 1355 2129 nullum
1379 2064 1465 2128 est
1496 2065 1662 2127 enim
1693 2065 2165 2129 fundamentum
2191 2066 2410 2129 horum
2432 2066 2775 2145 criminum,

569 2157 737 2219 nulla
759 2155 927 2217 sedes
951 2179 971 2229 ς
1002 2175 1182 2218 voces
1214 2153 1352 2217 sunt
1374 2152 1851 2228 contumeliosae,
1883 2167 2114 2217 temere
2143 2154 2218 2216 ab
2243 2157 2395 2217 irato
2417 2154 2774 2234 accusatore,

567 2244 740 2305 nullo
768 2242 1036 2315 auotore,
1082 2242 1326 2306 emifl'ae.
1404 2240 1938 2305 Horum'duorum
1974 2242 2300 2306 criminum
2320 2242 2501 2306 video
2521 2243 2772 2320 fontem,

566 2330 747 2391 video
822 2329 1161 2405 auetorem,
1227 2330 1406 2392 video
1455 2341 1690 2391 certum
1737 2350 1961 2391 nomen
2023 2344 2086 2392 et
2136 2345 2367 2411 caput3
2437 2351 2584 2394 auro
2636 2352 2773 2416 opus

489 2416 719 2480 10fuit:
786 2414 1023 2498 sumpfit
1080 2439 1115 2479 a
1176 2416 1415 2492 Clodia,
1482 2415 1722 2497 sumpfit
1776 2416 1897 2479 fine
1960 2416 2131 2492 teste,
2205 2417 2421 2480 habuit
2484 2419 2774 2501 quamdiu

567 2503 796 2567 voluit:
840 2507 1175 2566 maximum
1200 2505 1377 2565 video
1408 2503 1643 2586 {ignum
1666 2502 1975 2588 cujusdam
2008 2505 2273 2588 egregiae
2305 2504 2770 2581 familiaritatim

568 2612 784 2655 necare
836 2591 1089 2654 eandem
1148 2590 1360 2665 voluit,
1405 2587 1680 2671 quaefivit
1726 2611 2056 2664 venenum,
2128 2590 2443 2655 solicitavit
2480 2615 2633 2676 quos
2667 2614 2772 2678 po·

565 2685 705 2755 tuit,
751 2679 999 2761 paravit,
1046 2678 1250 2740 locum
1302 2676 1636 2751 constituit,
1682 2680 1931 2755 attulit3
1978 2699 2268 2763 magnum
2314 2679 2522 2744 rursus
2564 2682 2770 2745 odium

565 2769 743 2831 video
803 2784 946 2830 cum
978 2764 1372 2829 cmdeliffitno
1417 2760 1652 2827 diffidio
1669 2767 1943 2828 extitifl'e.
2036 2766 2166 2829 Res
2209 2766 2296 2829 est
2326 2769 2530 2832 omnis
2575 2771 2640 2831 in
2663 2769 2768 2831 hae

489 2856 743 2921 15causa
773 2855 969 2930 nobie,
1018 2854 1051 2918 J
1059 2856 1283 2931 udiceS,
1328 2875 1471 2917 cum
1503 2852 1742 2929 Clodia,
1790 2854 2041 2918 muliere
2063 2874 2187 2916 non
2207 2853 2404 2919 solum
2429 2855 2646 2933 nobili,
2675 2855 2768 2919 sed

568 2946 750 3008 etiam
782 2960 947 3018 nota,
991 2943 1070 3005 de
1093 2965 1215 3027 qua
1244 2964 1361 3028 ego
1390 2940 1541 3003 nihil
1564 2943 1787 3017 dicam,
1832 2941 1939 3004 nifi
1970 2943 2312 3025 depellendi
2342 2944 2616 3008 criminis
2642 2950 2771 3008 cau*

568 3031 647 3095 sa.
735 3029 860 3093 Sed
879 3032 1164 3114 intelligis
1195 3052 1305 3114 pro
1327 3046 1430 3092 tua
1453 3027 1761 3113 praestanti
1784 3029 2125 3114 prudentia,
2180 3028 2298 3094 Cn.
2323 3032 2591 3107 Domiti,
2638 3054 2772 3095 cum

563 3119 679 3181 hac
719 3117 840 3180 sola
861 3138 990 3180 rem
1021 3118 1136 3182 effe
1166 3118 1340 3180 nobis
1370 3141 1387 3179 ι
1432 3139 1570 3201 quae
1595 3117 1634 3178 fi
1659 3117 1719 3180 se
1750 3139 1962 3181 aurum
1987 3116 2190 3181 Coelio
2221 3119 2626 3183 commodasse
2655 3140 2774 3182 non

564 3205 732 3278 dicit,
780 3204 821 3263 fi
843 3224 1146 3270 venenum
1171 3206 1247 3266 ab
1267 3205 1385 3269 hoc
1416 3205 1519 3269 fibi
1548 3220 1813 3287 paratum
1845 3207 1958 3269 effe
1989 3227 2116 3270 non
2145 3208 2381 3291 arguit3
2427 3206 2772 3286 petulanter

480 3291 854 3366 20facimu8,
887 3290 926 3351 s1
948 3305 1204 3355 matrem
1225 3292 1481 3358 familias
1501 3291 1696 3370 secus,
1727 3314 1912 3376 quam
1935 3309 2345 3357 matronarum
2364 3290 2652 3357 [anilitas
2665 3316 2774 3380 po·

537 3519 586 3562 2.
608 3510 854 3569 Persona.)
881 3514 1078 3563 clodius
1100 3516 1350 3566 accusavit
1369 3510 1586 3564 Coelium
1655 3524 1664 3531 ·
1721 3516 1794 3560 18.
1823 3514 2008 3561 Aurum
2035 3514 2174 3564 Coelio
2200 3514 2542 3574 commodasse.)
2592 3515 2775 3563 Proba·

471 3580 536 3628 de
571 3578 678 3627 nuri
701 3584 753 3623 et
772 3581 945 3627 veneni
977 3581 1200 3629 crimine.
1654 3576 1752 3624 bile
1776 3586 1850 3626 est
1875 3593 2046 3627 aurum
2084 3581 2198 3628 illud
2235 3581 2478 3641 signatum
2518 3596 2613 3628 non
2636 3581 2774 3628 fuine

535 3645 584 3693 5.
614 3643 890 3705 Sequetur.)
939 3648 1196 3705 Sequester
1220 3645 1299 3693 hic
1326 3641 1508 3690 dieitur
1527 3639 1589 3687 de
1657 3641 2059 3703 (creditumenim
2074 3654 2160 3691 aut
2175 3654 2344 3692 mutuo
2360 3647 2533 3693 datum
2551 3643 2773 3702 dixisset)

471 3722 533 3757 eo
551 3710 637 3771 qui
651 3708 893 3755 adulteria
925 3711 1169 3758 conciliat.
1658 3707 1742 3757 sed
1765 3723 1938 3758 nurum
1960 3709 2163 3757 solidum
2181 3719 2231 3756 et
2253 3709 2459 3766 factum,
2496 3711 2543 3757 id
2560 3718 2653 3766 est,
2685 3712 2774 3758 ali-

536 3778 587 3823 9.
645 3775 828 3822 Certum
865 3774 1071 3832 nomen.)
1154 3778 1249 3823 Per
1288 3773 1394 3820 illas
1444 3787 1594 3822 vocas
1659 3774 1786 3837 quod
1803 3784 2169 3830 ornamentum,
2206 3783 2261 3821 ut
2284 3782 2462 3825 statua,
2492 3780 2576 3821 aut
2593 3775 2773 3835 quide·

469 3846 638 3887 cereum
662 3854 840 3895 nomeu,
865 3841 1051 3886 crimen
1102 3836 1347 3897 intelligit,
1394 3836 1457 3885 de
1503 3852 1598 3899 quo
1653 3839 1865 3900 jusmodi
1890 3840 2014 3900 quod
2033 3839 2190 3886 amico
2212 3853 2299 3899 pro
2315 3848 2540 3901 tempore
2562 3852 2775 3887 commo-

468 3907 553 3953 lex
616 3906 780 3965 aliqua
839 3901 1136 3961 judiciorum
1199 3905 1387 3964 perlata
1455 3912 1582 3961 erat,
1648 3905 1807 3960 datur,
1839 3910 1892 3952 et
1914 3906 2151 3964 recipitur
2170 3916 2353 3965 postea.

464 3971 594 4032 quod
631 3977 737 4017 tum
792 3974 964 4014 cereum
1024 3983 1184 4015 nomen
1226 3968 1405 4014 habere
1451 3969 1585 4016 dice·
1720 3972 1798 4019 20.
1859 3969 2334 4025 Maeremffanz1lias.)
2406 3969 2461 4016 ln
2513 3967 2774 4017 Pandectiz

465 4035 609 4084 batur
632 4052 646 4080 =
681 4036 744 4079 de
763 4044 859 4092 quo
887 4039 1053 4079 autem
1082 4035 1217 4079 nulla
1238 4039 1344 4079 erat
1376 4034 1477 4091 lex,
1513 4035 1584 4080 in·
1650 4033 2099 4082 matrem-familias
2123 4039 2175 4079 et
2192 4042 2467 4081 matronam
2488 4047 2579 4095 pro
2604 4034 2772 4081 eadem

466 4111 635 4147 eertum
687 4095 969 4145 habebatur.
1039 4096 1170 4145 Vide
1194 4096 1301 4146 cic.
1325 4099 1373 4144 3.
1410 4099 1471 4146 de
1500 4100 1518 4145 1
1527 4115 1582 4145 n·
1649 4098 1865 4160 usurpari
1886 4100 2115 4157 legimus;
2140 4098 2229 4144 hoc
2246 4106 2337 4152 est,
2359 4112 2451 4157 pro
2467 4098 2670 4146 muliere
2686 4112 2774 4156 pu-

465 4166 713 4213 ventione.
1647 4167 1760 4211 dica
1776 4172 1828 4209 et
1851 4164 2067 4217 honesta,
2093 4162 2192 4209 sive
2209 4162 2351 4208 vidua
2370 4162 2452 4219 sit,
2479 4164 2581 4209 sive
2602 4169 2770 4222 nupta.

536 4234 608 4277 15.
647 4229 737 4276 Sed
766 4223 904 4272 etiam
945 4226 1095 4285 noco.)
1139 4228 1287 4284 Nota,
1334 4226 1383 4275 id
1416 4236 1491 4276 est
1513 4229 1584 4275 sa·
1653 4231 1823 4276 Festus
1838 4229 1938 4274 vult
1956 4226 2190 4287 appellari
2212 4234 2478 4285 matmnas,
2494 4228 2668 4289 quibus
2687 4227 2776 4271 lu-

462 4304 596 4339 mosa
613 4291 870 4338 libidinum
892 4303 1089 4337 mamm
1114 4293 1323 4339 nomine.
1654 4292 1795 4339 bcndi
1821 4290 2057 4351 stolasjus
2087 4298 2212 4337 erat.
2253 4294 2398 4338 Patet
2421 4300 2588 4338 autem
2611 4294 2660 4335 et
2679 4291 2775 4337 hoc

534 4356 606 4401 16.
648 4353 914 4413 Depellemla
938 4354 1145 4401 crimmis
1169 4358 1350 4418 cama.)
1374 4358 1577 4421 ,Depel-
1648 4357 1895 4406 Ciceronis
1912 4364 2051 4402 textu
2071 4356 2341 4418 promiscue
2364 4358 2566 4405 verbnm
2583 4362 2770 4403 utrum·

462 4415 589 4464 leudi
611 4430 644 4462 a
664 4418 835 4473 Coelio,
857 4417 940 4478 qui
966 4418 1085 4466 salso
1103 4430 1383 4471 accusatur.
1645 4436 1739 4483 que
1772 4421 2014 4483 usurpari.
