2984 4942
398 390 545 469 xva
1060 387 1158 461 Μ.
1188 346 1494 462 ‘romu
1523 388 1995 462 emenonis

402 530 609 603 eonio,
634 525 753 593 effe
779 525 961 592 venet
983 525 1142 592 inter
1162 526 1378 614 viginti
1407 528 1571 593 viros
1601 550 1748 615 agro
1763 530 2083 616 Campano
2100 524 2439 593 dividendo
2457 540 2732 618 ιιι-«μὲι

413 616 586 682 fitos:
609 614 710 682 sed
738 628 1096 701 utrumque,
1127 614 1384 680 moleste
1402 616 1467 680 id
1486 616 1724 681 ferente
1753 618 2020 695 Caesare,
2047 618 2416 702 repudiavit»

929 768 1237 835 ANNUS
1281 767 1550 865 URBIS
1595 766 2030 835 CONDITAE
2077 776 2226 836 695.

411 927 545 1018 Cegffl
568 924 651 995 L.
694 891 1002 1012 Calpurnio
1024 924 1225 1012 Pg'fime
1251 924 1540 1027 Casperius,
1569 924 1652 987 A.
1680 923 1942 1003 Gabinio,
1960 935 2092 988 ante
2117 923 2401 1013 Chr-ustum
2432 926 2539 989 57.
2617 929 2658 992 ζ
2669 928 2720 985 ι’·-

1101 1034 1312 1077 ceroms
1330 1011 1622 1099 quadrage
1639 1030 2028 1077 rmus-‘nonun-

493 1147 643 1220 Hoc
674 1169 834 1214 anno
854 1146 1073 1214 Cicero
1090 1168 1125 1210 a
1153 1145 1376 1212 Clodio
1405 1146 1802 1233 perditissimo
1828 1146 2110 1211 Tribuno
2139 1144 2333 1232 plebis
2375 1146 2442 1210 in
2471 1143 2728 1212 exilium

409 1237 588 1303 aRus
614 1237 729 1302 est':
752 1246 960 1322 atque,
991 1250 1061 1299 ut
1087 1234 1238 1299 citra
1302 1237 1469 1321 opuli
1490 1233 1887 1300 offenfionem
1908 1254 2055 1313 ,eum
2077 1236 2470 1321 opprimeret,
2499 1234 2760 1300 multas-2

409 1327 573 1414 leges
596 1325 917 1413 populares
949 1323 1225 1408 quidem,
1275 1325 1352 1387 ed
1377 1323 1647 1410 Reipub.
1671 1323 2036 1417 perniciosas
2064 1324 2225 1388 tulit.
2258 1321 2557 1399 Consules
2579 1340 2738 1385 vero

413 1415 692 1480 mercede
725 1412 1171 1500 provinciarum
1205 1411 1308 1473 fibi
1340 1412 1631 1474 devinxit.
1722 1410 1889 1475 Nam
1919 1411 2192 1473 Gabinio
2217 1411 2483 1497 Syriam,
2527 1406 2731 1495 ssaby-

405 1500 639 1577 sonem,
670 1492 1134 1563 Persas:Pisoni
1168 1498 1488 1573 Achaiam,
1546 1497 1937 1570 Theffisliam,
1984 1495 2323 1572 Graeciam,
2364 1496 2734 1560 Macedoni-

405 1600 535 1663 am,
552 1604 926 1667 omnemque
956 1581 1261 1647 Boeotiam
1292 1583 1483 1645 dedit.
1533 1580 1703 1648 Tum
1733 1584 1876 1647 tulit
1905 1584 2130 1670 legem,
2166 1598 2257 1661 ut,
2281 1587 2389 1667 qui
2408 1585 2606 1647 civem
2632 1581 2731 1648 in-

411 1677 772 1738 demnatum
802 1670 1212 1743 interemisset,
1248 1669 1305 1733 ei
1326 1692 1485 1757 aqua
1508 1686 1570 1737 et
1593 1671 1721 1759 igni
1751 1672 2231 1736 interdiceretur.
2300 1670 2476 1737 Licet
2505 1669 2734 1738 Cicero

411 1783 537 1825 non
567 1762 1006 1835 nominaretur,
1032 1756 1193 1823 solus
1222 1773 1427 1824 tamen
1453 1759 1793 1844 petebatur.
1840 1759 2035 1843 Igitur
2072 1759 2472 1825 Ciceroreus
2494 1758 2744 1827 vestem*

415 1848 693 1924 mutavit,
717 1862 777 1912 et
794 1846 1142 1933 sordidatus
1164 1849 1395 1931 populo
1415 1846 1790 1933 supplicavit.
1842 1846 1917 1911 Ei
1948 1846 2176 1930 ubique
2205 1847 2460 1940 Clodius
2485 1846 2735 1915 nefariis

413 1935 666 2021 stipatus
687 1936 1032 2003 hominibus
1049 1956 1398 2012 occurrens,
1422 1937 1824 2003 mutationem
1848 1934 2026 2003 vestis
2049 1934 2398 2021 objiciebat,
2419 1956 2493 1999 ac
2515 1937 2646 1999 luto
2665 1953 2732 2001 et

416 2024 718 2110 lapidibus
736 2024 796 2087 in
818 2012 962 2089 euin
985 2018 1305 2111 conjeciis,
1333 2026 1467 2110 ejus
1489 2023 1957 2110 supplicationes
1980 2020 2371 2107 impediebat.
2420 2021 2585 2086 Cum
2616 2023 2726 2088 ci-

415 2131 638 2177 cerone
676 2113 978 2178 universus
1024 2111 1295 2193 equester
1320 2114 1474 2174 ordo
1501 2110 1732 2175 vestem
1783 2113 2056 2185 mutavit,
2100 2131 2278 2191 quem
2308 2108 2728 2175 adolescentes

423 2200 765 2265 nobiliffimi
792 2218 1044 2263 numero
1062 2198 1137 2259 ad
1169 2204 1256 2261 20
1280 2198 1459 2263 millia
1480 2198 1610 2283 ejus
1638 2196 1835 2263 salutis
1859 2197 2280 2283 deprecatores
2309 2196 2592 2261 sordidati
2621 2218 2736 2262 co·-

418 2292 609 2353 niitati
627 2287 780 2352 sunt.
869 2283 1125 2349 Senatus
1152 2305 1311 2349 vero
1346 2284 1628 2369 frequens
1684 2291 1991 2361 convenit,
2033 2297 2100 2348 et
2125 2300 2408 2369 tmquam
2466 2288 2529 2348 in
2557 2284 2737 2352 luctu

415 2373 656 2460 publico
682 2373 911 2441 veliem
942 2375 1293 2441 mutandam
1322 2375 1569 2451 censuit,
1620 2372 1736 2439 sed
1762 2390 2006 2440 vetuere
2034 2371 2349 2439 Consules.
2397 2370 2640 2455 Equites
2667 2377 2730 2438 in

422 2459 720 2545 Capitolio
757 2460 1026 2538 adfuere,
1073 2466 1169 2544 qui
1197 2462 1273 2525 ad
1315 2461 1631 2538 Consules,
1675 2476 1736 2526 et
1766 2462 1843 2525 ad
1871 2460 2167 2526 Senatum
2218 2461 2451 2551 legatos
2480 2480 2609 2524 non
2638 2460 2735 2525 so·-

420 2549 551 2615 lum
576 2571 651 2613 ex
699 2547 804 2615 suo
831 2551 1064 2623 ordine,
1108 2568 1316 2615 verum
1369 2553 1551 2619 etiam
1599 2571 1674 2613 ex
1703 2549 2022 2614 Senatorio
2052 2549 2139 2634 Q.
2185 2547 2609 2625 Hortensium,
2656 2562 2733 2612 et

420 2635 497 2703 C.
558 2636 888 2705 Curionem
948 2637 1257 2714 miserunt,
1296 2643 1392 2720 qui
1442 2659 1549 2720 pro
1599 2637 1897 2702 Cicerone
1953 2638 2459 2719 deprecarentur3
2489 2635 2595 2699 sed
2626 2657 2734 2701 eos

419 2723 688 2808 respuere
739 2725 1059 2801 Consules;
1100 2730 1222 2790 imo
1250 2724 1323 2789 L.
1359 2724 1557 2791 AElius
1606 2726 1821 2790 Lamia
1864 2723 2147 2809 equestris
2196 2725 2420 2789 ordinis
2461 2728 2732 2808 princeps

415 2813 767 2883 a’Gabinio
810 2815 1108 2899 relegatus
1155 2812 1265 2877 est.
1332 2813 1540 2898 Itaque
1584 2814 1807 2879 Cicero
1863 2835 1900 2875 a
1958 2810 2315 2878 Consulibus
2385 2811 2739 2888 derelictus,

414 2904 681 2983 proditus
710 2925 745 2965 a
771 2900 1085 2984 Pompeio,
1144 2907 1239 2965 cui
1286 2907 1462 2971 toties
1521 2900 1773 2979 faverat,
1822 2901 1969 2966 urbe
2017 2905 2212 2984 potius
2260 2898 2500 2975 cedere,
2556 2920 2736 2983 quam

419 3008 556 3052 eam
600 2994 842 3053 armatis
869 2987 1208 3052 hominibus
1265 2989 1531 3075 objicere
1560 2991 1807 3054 maluit:
1853 2990 2177 3054 abeumem
2204 3007 2421 3052 omnes
2450 3007 2612 3061 cum¹
2642 2987 2733 3050 la·-

421 3078 642 3160 crymis
699 3074 989 3155 prosecuti
1036 3070 1168 3138 sunt
1219 3097 1358 3141 cum
1418 3077 1648 3156 publica
1677 3081 1753 3140 ad
1784 3098 1958 3164 reges
1987 3076 2413 3159 principesque
2470 3072 2736 3139 Senatus

423 3160 968 3233 commendatione.
1060 3160 1266 3225 Caesar
1293 3167 1389 3244 qui
1414 3168 1475 3225 in
1510 3161 1741 3227 Gallias
1769 3162 2059 3244 proficisci
2079 3182 2222 3226 eum
2249 3165 2493 3243 imperio
2550 3163 2738 3226 debe-

422 3248 553 3325 bat,
599 3269 723 3311 non
754 3251 909 3330 prius
937 3247 1014 3310 ad
1066 3251 1397 3310 exercitum
1454 3246 1616 3324 abiit,
1660 3267 1840 3330 quam
1884 3249 2246 3311 Ciceronem
2293 3269 2398 3329 per
2447 3247 2734 3314 Clodium

424 3337 598 3400 Italia
648 3332 969 3419 expulisset.
1059 3330 1227 3398 Niliss
1279 3354 1406 3396 non
1435 3339 1496 3396 i‘n
1525 3354 1664 3400 eum
1713 3336 2032 3400 crudeliter
2076 3334 2205 3420 egit
2258 3335 2545 3413 Clodiu83
2591 3359 2735 3410 nam

428 3423 695 3489 edi6lum
756 3422 1068 3506 proposuit,
1092 3437 1157 3485 ut
1207 3425 1277 3487 ei'
1312 3444 1464 3504 aqua
1517 3436 1577 3485 et
1629 3427 1752 3508 igni
1807 3423 2280 3500 interdiceretur,
2325 3436 2388 3486 et
2439 3444 2519 3486 ne
2580 3430 2734 3489 intra

428 3518 748 3598 quingenta
779 3506 957 3575 millia
986 3510 1245 3593 passuum
1288 3510 1364 3574 ab
1412 3509 1579 3574 Italia
1629 3512 1799 3575 tedio
1820 3515 2196 3594 reciperetur,
2244 3525 2306 3575 et
2335 3516 2431 3596 qui
2451 3533 2589 3579 eum
2640 3534 2736 3576 re-

427 3604 714 3683 ciperent,
744 3603 980 3681 impune
1002 3597 1496 3662 interficerentur.
1549 3601 1634 3662 At
1665 3619 1908 3681 poenam
1931 3598 2093 3663 illam
2121 3620 2336 3663 omnes
2386 3598 2734 3685 neglexitre,

428 3706 572 3753 nam
603 3710 741 3752 eum
771 3701 833 3751 et
874 3691 1126 3752 comiter
1150 3707 1366 3751 omnes
1404 3700 1466 3751 et
1481 3686 1774 3753 benevole
1792 3682 2178 3770 accipiebant,
2200 3702 2261 3750 et
2304 3686 2738 3771 prosequeban-

428 3788 543 3840 tur.
635 3772 880 3842 Clodius
936 3777 1103 3839 villas
1153 3772 1281 3861 e‘ju's
1329 3777 1597 3840 incendit
1644 3798 1784 3841 cum
1830 3777 2016 3841 domo
2066 3796 2199 3858 quae
2237 3790 2365 3838 erat
2394 3780 2454 3843 in
2481 3774 2737 3854 Palatio,

432 3868 633 3929 aream
664 3866 723 3927 in
754 3862 952 3929 aedem
1004 3863 1322 3929 biber-tatis
1368 3869 1763 3941 consecravit,
1791 3865 2010 3949 reliqffi
2038 3862 2198 3929 bona
2223 3861 2414 3928 hastae
2444 3861 2689 3929 sub'ecit
2714 3883 2756 3928 ε·

374 3966 381 3969 ’
430 3972 619 4017 nemo
635 3968 841 4017 tamen
858 3953 940 4015 'ad
968 3951 1199 4016 hastam
1229 3951 1510 4017 accessit(
1542 3952 1797 4019 Summo
1815 3951 1917 4017 suo
1940 3951 2148 4016 dolore
2171 3950 2486 4036 profectus
2571 3957 2758 4017 icero-

432 4062 540 4126 per
584 4040 931 4117 Lucaniam,
969 4040 1229 4107 Siciliam
1278 4037 1481 4105 versus
1511 4044 1709 4106 venit:
1737 4041 1880 4107 hinc
1931 4038 2262 4115 Vibonem,
2293 4039 2730 4117 Brundusium3

436 4144 500 4193 et
527 4130 668 4194 inde
718 4127 1111 4216 Dyrrhachio·
1144 4128 1631 4194 Thessalonicam
1682 4130 1760 4193 ad
1780 4127 2073 4211 Plancum
2125 4125 2452 4212 proteum,
2496 4128 2596 4194 ubi
2647 4128 2734 4193 ab·

436 4236 512 4277 eo
538 4217 763 4301 septem
789 4215 1019 4282 menses
1041 4220 1324 4283 detentus
1352 4216 1458 4283 est.
1507 4218 1755 4284 Interim
1784 4218 2039 4282 Senatus
2089 4216 2396 4300 frequens,
2422 4216 2730 4281 referente

440 4298 513 4366 L.
540 4302 872 4381 Mummio,
895 4305 1064 4369 nullo
1084 4306 1477 4383 diffentiente,
1506 4307 1583 4370 de
1613 4306 1924 4372 Ciceronis
1950 4304 2148 4369 reditu
2170 4305 2450 4369 decrevit.
2542 4303 2734 4375 Pom-

442 4395 633 4474 peius,
647 4391 762 4458 five
785 4394 939 4479 quod
970 4417 1106 4459 eum
1136 4392 1879 4485 suaeperfidiaepuduiffet,
1900 4392 2024 4461 live
2044 4393 2203 4478 quod
2230 4414 2266 4460 a
2286 4390 2742 4473 Clodiooffen-
