2984 4942
891 403 1242 474 ORATIO
1283 402 1467 467 PRO
1511 402 1614 466 Ma
1654 402 1994 470 COELIO.
2455 400 2581 470 233

384 542 565 607 VIII.
613 542 821 628 Atque
851 540 1083 619 scitote,
1122 535 1373 623 judiceS,
1419 556 1520 598 eas
1548 534 1928 618 cupiditates,
1972 556 2102 619 quae
2128 536 2500 623 objiciuntur

283 630 536 707 Coelio,'
577 642 763 713 atque
778 627 913 691 haec
936 626 1145 700 studia,
1189 625 1265 687 de
1283 623 1506 706 quibus
1533 622 1789 706 diiputo,
1831 644 1957 686 non
1985 623 2158 689 facile
2189 627 2251 689 in
2281 627 2502 690 eodem

286 719 619 783 hominem
654 715 768 779 effe
820 713 1020 796 pofl'e3
1091 711 1224 775 fieri
1275 732 1401 774 non
1446 709 1659 793 potest,
1722 725 1792 773 ut
1846 711 2083 776 animus
2123 713 2294 777 libini
2332 714 2504 778 dedi-

284 822 424 882 tus,
458 823 683 879 amore,
714 803 1006 880 desidero,
1029 799 1377 884 cupiditate,
1422 798 1578 882 saepe
1597 797 1803 872 {nimia
1843 797 2041 882 copia,
2085 801 2284 884 inopia
2317 803 2504 866 etiam

288 911 745 974 nonnunquam
774 890 1120 975 impedituS,
1178 886 1294 949 hoc
1340 885 1626 973 quiequid
1655 885 1766 962 est,
1809 888 1978 971 quod
1999 908 2109 951 nos
2136 887 2387 955 facimus
2437 872 2518 955 in⁴
2547 892 2604 947 5·

281 980 580 1056 dicendo,
625 998 751 1041 non
779 978 967 1043 modo
994 975 1252 1062 agendo,
1296 994 1513 1037 verum
1535 973 1721 1037 etiam
1749 976 2093 1060 cogitando,
2139 975 2304 1056 poflit
2332 977 2504 1042 susti-

276 1089 454 1132 nere.
546 1068 654 1129 An
681 1085 790 1129 vos
818 1066 995 1135 aliam
1015 1063 1257 1131 causam
1280 1061 1398 1125 esse
1416 1063 1602 1126 ullam
1627 1064 1867 1143 putatis,
1897 1084 2041 1128 cum
2064 1063 2128 1126 in
2144 1066 2323 1135 tantis
2345 1087 2506 1149 proe.

273 1155 427 1220 miis
456 1155 849 1238 eloquentiae‚
877 1166 1045 1217 tanta
1064 1151 1374 1234 voluptate
1393 1149 1662 1227 dicendi,
1689 1161 1858 1213 tanta
1876 1151 2080 1228 laude,
2100 1165 2268 1215 tanta
2288 1153 2499 1238 gloria,

270 1257 461 1308 tanto
488 1242 746 1318 honore,
793 1255 918 1303 tam
958 1241 1073 1304 fint
1100 1240 1303 1323 pauci,
1349 1236 1701 1322 semperque
1742 1235 1995 1316 fuerint,
2041 1244 2145 1324 qui
2179 1243 2240 1302 in
2268 1238 2386 1303 hoc
2424 1237 2511 1303 la-

262 1330 432 1394 bore
475 1326 822 1393 versentur?
869 1327 1251 1393 Omittendae
1280 1324 1421 1388 sunt
1447 1345 1664 1390 omnes
1690 1325 2072 1411 voluptates:
2116 1326 2595 1412 relinquendam

276 1418 487 1481 studia
517 1416 938 1481 delebitationis
971 1439 989 1479 ς
1033 1416 1227 1490 ludus,
1248 1413 1451 1499 jocuS,
1495 1412 1862 1491 convivium,
1905 1413 2099 1478 sermo
2143 1415 2325 1478 etiam
2355 1424 2513 1500 pene

271 1506 561 1569 omnium
611 1503 1006 1569 familiarium
1054 1501 1461 1566 deserendus:
1506 1522 1636 1583 quae
1673 1521 1772 1566 res
1829 1506 1891 1566 in
1919 1500 2036 1566 hoc
2064 1523 2285 1588 genere
2313 1503 2515 1567 homi-

267 1612 394 1656 nes
425 1614 461 1655 a
489 1592 717 1668 labore,
768 1589 1094 1673 studioque
1138 1589 1383 1653 dicendi
1413 1589 1723 1666 deterret3
1769 1605 1802 1638 ³
1833 1610 1958 1652 non
1988 1612 2114 1673 quo
2141 1605 2243 1655 aut
2271 1592 2512 1678 ingenia

267 1678 590 1756 deficiant,
638 1694 744 1743 aut
768 1678 1051 1743 doEtrina
1074 1675 1336 1763 puerilis.
1429 1678 1537 1739 An
1563 1674 1689 1754 hic,
1733 1677 1775 1739 fi
1806 1676 1926 1741 sese
1957 1678 2046 1740 isti
2073 1678 2212 1741 vitae
2241 1679 2513 1756 dedisset,

260 1766 665 1832 consularem
695 1765 1018 1831 hominem
1049 1764 1382 1829 admodum
1404 1763 1751 1830 adolescens
1800 1765 1866 1829 in
1909 1764 2208 1850 judicium
2248 1767 2601 1832 vocavis-15

270 1855 367 1919 set
391 1854 419 1918 ἓ
451 1853 573 1932 hic,
596 1854 638 1917 si
669 1853 941 1919 laborem
961 1854 1224 1939 fugeret,
1255 1852 1296 1914 fi
1319 1851 1645 1917 obstridma
1662 1851 2072 1938 voluptatibus
2098 1866 2424 1934 teneretur,
2445 1860 2511 1920 iu

262 1942 391 2007 hae
419 1944 551 2006 acie
608 1943 883 2027 quotidie
927 1941 1254 2006 versaretur
1281 1938 1307 2002 ?
1354 1953 1656 2022 appeteret
1683 1940 2027 2005 inimicitias
2053 1939 2078 2004 ?
2123 1945 2186 2004 in
2207 1943 2515 2028 judicium

263 2044 522 2095 vocaret
548 2029 577 2093 ἓ
626 2029 857 2094 subiret
887 2030 1224 2113 periculum
1254 2028 1458 2108 capitis
1486 2027 1512 2088 ?
1556 2026 1687 2113 ipso
1716 2028 2091 2112 inspeEIante
2119 2030 2349 2114 populo
2378 2031 2517 2094 Ro-

271 2138 490 2194 mane,
541 2130 634 2181 tot
666 2116 899 2181 menses
930 2130 1035 2179 aut
1089 2118 1166 2179 de
1209 2114 1421 2190 salute,
1465 2128 1572 2177 aut
1594 2117 1670 2178 de
1711 2117 1901 2201 gloria
1938 2115 2296 2179 dimicaret?
2340 2117 2517 2181 Nihil

266 2206 464 2288 igitur
494 2205 594 2269 illa
634 2204 906 2268 vicinitas
935 2204 1170 2267 redolet
1196 2201 1222 2265 ἓ
1268 2200 1421 2263 nihil
1448 2200 1770 2267 hominum
1797 2201 2012 2267 fama?
2056 2201 2205 2266 nihil
2223 2202 2388 2269 Baiae
2408 2206 2600 2271 ‹le-20

268 2290 465 2374 nique
494 2291 617 2372 ipse
648 2291 1033 2373 loquuntur?
1080 2291 1201 2353 illae
1229 2309 1374 2352 vero
1415 2309 1543 2351 non
1577 2289 1898 2372 loquuntur
1922 2289 2140 2369 solum,
2169 2312 2382 2357 verum
2403 2293 2517 2358 eti·

266 2399 378 2442 am
404 2376 755 2463 personant,
781 2375 903 2442 huc
928 2379 1107 2442 unius
1138 2377 1405 2441 mulieris
1452 2376 1767 2441 libidinem
1784 2378 1948 2444 besse
1975 2378 2328 2465 prolapsam,
2358 2394 2425 2445 ut
2443 2403 2519 2446 ea

272 2484 411 2528 non
440 2466 628 2529 modo
658 2464 1079 2543 solitudinem,
1109 2487 1180 2530 ac
1203 2464 1505 2539 tenebras,
1534 2479 1718 2550 atque
1747 2466 1881 2532 haec
1910 2465 2277 2554 flagitiorum
2308 2483 2337 2517 θ
2357 2469 2516 2534 inte-

271 2567 572 2639 gumenta
590 2575 720 2617 non
749 2568 1007 2636 qum-at,
1052 2552 1154 2616 sed
1185 2552 1251 2614 in
1281 2550 1629 2638 turpiffimis
1648 2552 1830 2619 rebus
1857 2555 2329 2636 frequentissima
2355 2557 2519 2620 cele·-

267 2639 499 2705 britate
528 2654 594 2705 et
611 2638 929 2706 clarissima
960 2643 1098 2707 luce
1128 2641 1384 2706 laetetur.
1429 2639 1670 2705 Verum
1693 2641 1735 2704 fi
1754 2642 1886 2726 quis
1906 2640 2018 2718 est,
2039 2646 2148 2725 qui
2168 2640 2353 2707 etiam
2382 2648 2600 2706 τηε-28

270 2728 537 2793 retriciis
591 2728 908 2795 amoribus
969 2728 1363 2794 interdietum
1407 2728 1734 2815 juventuti'
1749 2742 1947 2813 putet,
1992 2728 2079 2792 est
2107 2728 2210 2792 ille
2261 2730 2514 2816 quidem

274 2816 457 2879 valde
489 2816 763 2893 severus;
800 2838 1027 2902 negare
1057 2838 1189 2880 non
1210 2817 1476 2901 poffum3
1507 2816 1610 2887 sed
1638 2817 1922 2882 abhorret
1950 2837 2073 2879 non
2094 2817 2279 2881 modo
2307 2817 2382 2880 ab
2402 2818 2522 2882 hu-

268 2903 381 2985 jus
412 2904 600 2966 seculi
651 2905 919 2979 licentia,
948 2925 1169 2968 verum
1215 2908 1395 2967 etiam
1424 2924 1460 2965 a
1487 2905 1792 2988 majorum
1823 2902 2282 2981 confisetudine‚
2333 2919 2518 2990 atque

275 2992 310 3038 ό
345 2990 667 3065 conceffis;
714 2990 962 3073 quando
993 2996 1157 3054 enim
1185 2989 1306 3054 hoc
1336 3010 1463 3059 non
1485 2990 1723 3054 fanum
1745 2989 1871 3053 est?
1918 2991 2165 3073 quando
2193 2991 2520 3077 reprehen-

277 3078 421 3141 sum
448 3074 473 3138 ?
519 3078 766 3159 quando
788 3098 914 3139 non
954 3074 1347 3158 permiffum?
1395 3077 1638 3162 quando
1666 3076 1930 3162 denique
1957 3076 2097 3153 fuit,
2126 3092 2218 3155 ut,
2261 3080 2424 3162 quod
2442 3081 2603 3144 li-so

276 3179 407 3241 eet,
432 3183 558 3226 non
584 3164 836 3228 liceret?
862 3163 989 3229 Hic
1007 3184 1124 3250 ego
1137 3164 1267 3250 jam
1284 3184 1417 3228 rem
1446 3163 1766 3228 definiam:
1812 3165 2125 3230 mulierem
2151 3168 2386 3232 nullam
2405 3189 2517 3233 no-

369 3352 401 3382 a
440 3353 547 3394 non
574 3333 727 3415 quia.
826 3333 881 3393 ‚b
913 3332 1193 3420 devemffi.
1314 3350 1344 3383 c
1385 3330 1783 3396 occultationes.
1901 3335 1932 3383 d
1966 3353 2106 3416 quae
2126 3333 2511 3401 conceduntur.

352 3517 399 3558 1.
468 3507 574 3557 Eas
629 3507 943 3571 cupiditates.)
1013 3510 1309 3573 Voluptates
1366 3515 1421 3558 et
1483 3515 1734 3561 cusator-ea
1755 3511 2029 3573 potentium
2052 3511 2333 3573 inimicitas,
2376 3528 2489 3565 cum
2521 3521 2609 3566 eo?

276 3572 518 3623 libidines
548 3588 645 3622 non
682 3584 883 3633 pumat
923 3587 1027 3629 eque
1067 3590 1181 3624 cum
1226 3574 1290 3622 iit
1311 3581 1417 3621 stu·
1484 3573 1537 3623 in
1551 3572 1798 3636 judicium
1820 3578 2076 3627 vocabant.

211 3644 214 3648 ’
282 3639 396 3698 diis,
418 3654 533 3702 quae
552 3639 616 3686 ad
654 3639 972 3688 Rhetoricam
996 3644 1052 3687 et
1082 3640 1418 3702 eloquentiam
1556 3644 1630 3689 18.
1654 3641 1839 3690 Subiree
1873 3644 2123 3703 periculum
2159 3642 2369 3707 capitis.)
2434 3643 2606 3693 subire

282 3702 558 3764 pertinent.
1484 3705 1666 3767 capitis
1686 3705 1967 3766 periculum
1998 3707 2178 3756 dieitur
2215 3714 2486 3761 accusator.
2521 3708 2607 3769 qui

354 3770 435 3818 14.
457 3768 695 3817 Doctrina
726 3767 958 3830 puerilu.)
1027 3768 1123 3817 Per
1145 3767 1420 3819 doctrinam
1485 3772 1746 3819 calumnia
1763 3771 2036 3832 periculum
2049 3773 2197 3834 subit5
2217 3786 2333 3820 nam
2349 3776 2608 3822 calumnia

278 3832 530 3894 puerilem
580 3839 666 3881 aut
699 3833 830 3894 ipsas
865 3834 1138 3881 Rhetorice
1160 3836 1424 3895 praecepti-
1486 3834 1743 3883 damnato·
1763 3836 1980 3895 sequitur
1997 3836 2216 3885 infamia.

285 3910 428 3955 ones,
451 3900 525 3945 vel
541 3898 703 3959 ipsam
738 3898 1137 3947 Grammaticam
1171 3897 1422 3958 intelligit,
1557 3901 1629 3948 lb.
1650 3898 1760 3963 Ipso
1772 3900 2051 3961 inspectorem
2064 3902 2228 3963 populo
2244 3900 2408 3961 Rom.)
2430 3902 2484 3948 ln
2505 3899 2608 3949 foro

286 3975 413 4021 quos
437 3976 640 4012 neeesse
657 3968 734 4010 est
755 3977 786 4010 a
804 3962 1019 4023 pueritia
1036 3963 1331 4024 comparari,
1366 3973 1423 4010 ut
1485 3963 1759 4013 habebatur
1781 3966 1872 4012 hoc
1886 3965 2126 4024 judicium
2136 3999 2153 4024 ,
2174 3964 2256 4017 ubi
2278 3967 2501 4027 frequen:
2518 3965 2604 4012 ad-

289 4027 399 4082 quis
419 4032 586 4074 orator
611 4027 804 4077 evadat.
1481 4042 1591 4076 cue
1743 4030 1815 4077 lus
1833 4027 2037 4077 solebat.

362 4092 440 4138 15.
460 4089 764 4139 Consularem
778 4084 1044 4149 hommem.)
1063 4090 1419 4149 C.Antonium,
1555 4095 1631 4141 19.
1722 4094 1807 4142 ihil
1848 4093 1997 4155 igitur
2036 4094 2120 4143 illa
2156 4095 2371 4143 οἰεὶηἰισε
2393 4090 2604 4149 retiola.)

291 4150 379 4212 qui
404 4153 657 4202 Ciceronis
701 4157 750 4203 in
779 4158 1043 4206 Coiunlatu
1079 4156 1267 4217 collega
1300 4156 1420 4214 fnit,
1486 4157 1542 4205 Id
1564 4164 1657 4215 est,
1678 4173 1774 4207 non
1791 4157 1939 4205 debet
1956 4160 2122 4208 venire
2138 4161 2185 4207 in
2206 4156 2606 4218 suspicionemn-

303 4214 479 4265 Coeliua
500 4222 691 4268 vocarit
711 4222 758 4269 in
770 4221 1032 4283 judicium.
1490 4220 1668 4270 bidinis
1683 4221 1883 4282 Coelius,
1908 4224 1993 4286 qui
2015 4224 2203 4272 vicinus
2231 4222 2415 4270 clodiae
2437 4221 2488 4267 in
2513 4224 2606 4270 Pa-

371 4284 446 4328 17.
478 4279 544 4327 In
561 4282 643 4330 hac
669 4286 802 4348 acie.)
842 4287 897 4334 ld
916 4292 1010 4343 est,
1032 4282 1229 4345 judiciis
1244 4291 1294 4332 et
1306 4299 1427 4334 cau·
1491 4287 1610 4335 latio
1624 4288 1930 4336 habitaverit.

300 4343 363 4390 sis
387 4344 696 4403 forensibusg
728 4350 978 4399 translatio
995 4350 1392 4410 aglantiatoribus.
1558 4353 1638 4400 20.
1661 4351 1795 4400 Nihil
1809 4350 1985 4414 Beier.)
2025 4350 2369 4411 Navigationes
2385 4348 2434 4399 in
2459 4351 2608 4399 bottis*

361 4412 439 4458 lb.
470 4409 724 4476 Appi-leret
749 4415 1057 4492 ἱζιίῃιίςῆίαε.)
1083 4412 1319 4463 subibant
1342 4427 1437 4464 ae«.
1494 4429 1612 4467 cum
1628 4416 1810 4467 Clodia.
