2984 4942
437 396 561 460 174
1090 382 1191 452 M.
1233 378 1542 448 TULLII
1583 376 2047 446 elemoms

519 527 826 594 centuriis:
867 520 965 585 M.
1009 517 1255 594 Catoni,
1296 516 1529 581 homini
1560 519 1620 580 in
1665 516 1836 580 omni
1863 514 2079 579 virtute
2107 511 2448 590 excellenti,
2499 515 2580 580 de
2624 518 2748 603 ip-

521 615 640 680 sius
668 608 1059 684 accusatione,
1104 608 1182 670 de
1211 602 1742 679 senatusconsulto,
1785 604 1868 666 de
1894 603 2105 689 repub.
2139 601 2532 686 respondebo.
2596 605 2746 671 Sed

523 720 728 786 pauca,
771 719 908 783 quae
940 716 1145 761 meum
1174 696 1449 758 animum
1499 705 1747 776 repente
1776 704 2118 767 moverunt,
2161 691 2328 774 prius
2358 690 2435 753 de
2461 690 2540 754 L.
2569 693 2743 758 Mu..

519 809 713 855 raenoe
739 787 988 850 fortuna
1014 802 1360 865 conquerar.
1449 779 1615 843 Nam
1643 800 1786 844 cum
1813 778 1973 862 saepe
2001 792 2199 855 antea,
2243 776 2277 842 J
2283 779 2514 857 udice3‚
2557 796 2619 845 et
2643 804 2740 847 ex

444 878 783 945 lOaliorum
833 871 1105 947 miseriis,
1164 884 1225 934 et
1253 892 1328 935 ex
1374 873 1521 933 meis
1550 872 1701 932 curis
1731 865 2145 950 laboribusque
2175 865 2559 949 quotidianis,
2603 870 2742 935 sor..

523 977 769 1029 tunatoo
809 982 914 1024 eos
942 959 1220 1023 homines
1242 957 1597 1044 judicarem,
1656 955 1758 1038 qui
1785 954 2006 1018 remoti
2034 977 2069 1018 a
2120 953 2332 1018 studiis
2360 955 2733 1039 ambitionis,

521 1054 721 1117 otium
748 1070 818 1113 ac
846 1048 1331 1130 tranquillitatem
1350 1046 1489 1110 vitae
1519 1043 1710 1108 secuti
1740 1041 1897 1107 sunt:
1939 1056 2074 1107 tum
2094 1063 2238 1106 vero
2259 1042 2323 1106 in
2346 1043 2442 1106 his
2470 1043 2546 1107 L.
2580 1045 2744 1109 Mu..

520 1161 707 1205 raenae
753 1136 934 1201 tantis
964 1150 1206 1218 tamque
1246 1133 1573 1216 improvisis
1603 1131 1882 1216 periculis
1910 1129 1994 1193 ita
2042 1130 2168 1195 sum
2201 1132 2407 1197 animo
2453 1132 2740 1212 affectae,

521 1241 592 1292 ut
640 1247 768 1290 non
797 1244 1019 1311 queam
1063 1221 1200 1287 satis
1246 1243 1442 1305 neque
1484 1238 1880 1285 communem
1907 1219 2186 1284 omnium
2215 1217 2488 1281 nostrum
2519 1223 2735 1284 condi-

442 1316 774 1390 l5tionom,
818 1333 1007 1395 neque
1063 1310 1244 1396 hujus
1288 1324 1576 1375 eventum
1621 1308 2048 1390 fortunamque
2098 1306 2388 1381 miseret-n
2461 1310 2570 1390 qui
2616 1310 2738 1393 pri-

516 1424 694 1467 mum
722 1402 868 1467 dum
896 1422 973 1464 ex
1014 1398 1343 1464 honoribus
1371 1396 1677 1462 continuis
1719 1396 1986 1471 familiae,
2032 1395 2444 1480 majorumque
2469 1396 2731 1474 suorum,

520 1512 716 1555 unum
762 1489 1077 1552 ascendere
1128 1488 1381 1573 gradum
1432 1484 1740 1569 dignitatis
1769 1497 2023 1546 conatus
2052 1482 2161 1557 est,
2206 1483 2371 1547 venit
2403 1483 2467 1545 in
2497 1489 2735 1569 pericu-

520 1580 671 1655 lum,
717 1598 794 1640 ne
835 1590 896 1639 et
924 1596 995 1637 ea
1023 1597 1162 1655 quae
1191 1573 1425 1645 relicta,
1455 1587 1520 1633 et
1546 1573 1683 1633 haec
1717 1591 1861 1650 quae
1891 1569 1965 1632 ab
1995 1569 2126 1653 ipso
2155 1587 2323 1654 parta
2352 1569 2509 1647 sunt,
2563 1576 2738 1636 arnit-

517 1678 633 1727 tatz
676 1663 897 1724 deinde
926 1673 1167 1743 propter
1195 1658 1463 1722 studium
1494 1678 1666 1720 novae
1702 1656 1918 1732 laudis,
1964 1656 2029 1720 in
2073 1660 2289 1723 veteris
2317 1658 2591 1724 fortunae
2621 1660 2738 1723 dis-

432 1750 750 1815 ‘zocrimen
800 1746 1144 1822 adducitur,
1191 1767 1325 1828 qua:
1366 1766 1507 1809 cum
1566 1744 1701 1809 sunt
1757 1749 1978 1829 gravia,
2047 1745 2315 1824 Iudices,
2384 1761 2519 1809 tum
2585 1746 2737 1811 illud

517 1833 951 1900 acerbissimum
982 1832 1092 1909 est,
1138 1836 1300 1917 quod
1321 1831 1504 1895 habet
1532 1852 1644 1897 eos
1671 1830 2066 1910 accusatores,
2094 1855 2220 1897 non
2247 1833 2345 1917 qui
2361 1835 2505 1898 odio
2536 1835 2737 1899 inimi-

516 1922 791 1987 citiarum
820 1922 898 1984 ad
927 1922 1352 1996 accusandum,
1400 1919 1505 1983 sed
1544 1922 1652 2004 qui
1682 1921 1877 1985 studio
1928 1921 2241 1986 accusandi
2271 1923 2347 1986 ad
2390 1923 2734 1988 inimicitias

517 2009 984 2074 descenderent.¹
1058 2008 1223 2071 Nam
1266 2024 1335 2072 ut
1368 2008 1649 2072 omittam
1677 2009 1810 2072 Ser.
1840 2007 2196 2089 Sulpicium,
2241 2031 2426 2093 quem
2457 2011 2734 2097 intelligo

516 2119 643 2163 non
698 2097 918 2183 injuria
965 2095 1041 2159 L.
1095 2095 1424 2171 Muraenae,
1482 2096 1586 2159 sed
1627 2096 1872 2160 honoris
1927 2103 2316 2162 contentione
2361 2111 2735 2180 permotum;

432 2184 760 2253 252ccusat
788 2198 1075 2269 paternus
1105 2183 1360 2260 amicust,
1406 2182 1526 2247 Cn.
1557 2183 1968 2259 Posthumius,
2012 2199 2209 2261 vetus,
2251 2201 2317 2250 ut
2345 2185 2430 2248 ait
2457 2184 2604 2269 ipse,
2650 2187 2740 2249 vi-

520 2274 689 2338 cinus
731 2294 802 2336 ac
830 2271 1210 2347 neceffariuS,
1257 2272 1358 2355 qui
1405 2271 1851 2337 necessitudinis
1895 2272 2100 2336 causas
2150 2274 2496 2359 complures
2524 2290 2733 2358 protu-

518 2358 614 2436 lit,
658 2376 687 2410 c
725 2358 1037 2424 simultatis
1089 2359 1319 2422 nullam
1350 2379 1834 2424 commemorare
1883 2360 2109 2443 potuit:
2154 2361 2386 2428 accusat
2436 2360 2576 2426 Ser.
2602 2362 2737 2428 Sul-

520 2445 742 2531 picius,
786 2446 1004 2510 sodalis
1035 2445 1168 2524 filii,
1228 2448 1393 2532 cujus
1444 2447 1692 2532 ingenio
1728 2450 1962 2531 paterni
2002 2469 2215 2513 omnes
2254 2450 2563 2519 neceffarii
2604 2471 2736 2515 mu-

520 2535 769 2598 nitiores
811 2534 927 2598 esse
971 2533 1298 2597 debebant:
1341 2533 1581 2597 accusat
1611 2534 1703 2596 M.
1754 2532 1932 2610 Cat0,
1976 2535 2085 2618 qui
2129 2556 2471 2621 quanquam
2509 2560 2549 2600 a
2592 2537 2732 2602 Mu·

436 2629 684 2686 SOraena
711 2622 877 2685 nulla
926 2642 992 2686 re
1026 2643 1286 2703 unquam
1318 2620 1551 2684 alienus
1597 2621 1738 2695 fuit,
1782 2633 1988 2683 tamen
2040 2643 2109 2683 ea
2157 2622 2511 2689 conditione
2568 2625 2732 2689 nobie

521 2724 652 2773 crat
679 2710 745 2772 in
769 2709 884 2773 hac
907 2709 1148 2773 civitate
1176 2721 1374 2784 natuS,
1420 2721 1490 2770 ut
1513 2708 1646 2793 ejus
1673 2728 1821 2791 opes
1850 2722 1913 2770 et
1934 2707 2244 2793 ingenium
2269 2710 2557 2794 proefidio
2585 2714 2734 2775 mul·-

519 2797 601 2861 tis
629 2797 812 2861 etiam
841 2795 1222 2871 alienissimis,
1267 2795 1451 2859 exitio
1510 2795 1611 2861 vix
1653 2794 1938 2876 cuiquam
1997 2796 2242 2863 inimico
2293 2797 2411 2861 effe
2471 2799 2729 2865 deberet.

522 2883 933 2988 Respondebo
992 2885 1176 2970 igitur
1231 2881 1590 2947 Posthumio
1632 2882 1917 2965 primum,
1981 2883 2092 2968 qui
2130 2883 2332 2950 nescio
2382 2909 2502 2970 quo
2557 2886 2734 2972 pacto

524 2972 674 3036 mihi
703 2973 942 3037 videtur
970 2971 1286 3056 praetorius
1316 2972 1675 3037 candidatus
1692 2971 1755 3034 in
1784 2970 2180 3049 consularem,
2209 2973 2372 3057 quafi
2397 2979 2456 3039 in
2473 2975 2733 3039 desulto-

440 3060 653 3123 35rius
681 3066 742 3124 in
771 3061 1200 3146 quadrigarum
1244 3062 1608 3124 curriculum
1654 3059 1983 3125 incurrere.
2070 3057 2263 3147 Cujus
2292 3062 2731 3145 competitores,

526 3146 569 3208 fi
590 3148 623 3197 d
653 3146 806 3209 nihil
857 3145 1261 3229 deliquerunt,
1308 3146 1588 3234 dignitati
1632 3169 1845 3211 eorum
1875 3146 2179 3225 concessit,
2221 3169 2368 3213 cum
2396 3164 2597 3234 petere
2624 3152 2732 3214 de-

527 3229 705 3295 stitit:
751 3233 835 3295 sm
865 3249 1071 3297 autem
1118 3253 1330 3297 eorum
1376 3236 1586 3317 aliquis
1644 3236 1894 3321 largitus
1941 3234 2051 3311 est,
2094 3238 2463 3321 expetendus
2504 3237 2732 3305 amicus

532 3316 642 3396 est,
685 3319 796 3403 qui
823 3321 1077 3387 alienam
1101 3322 1300 3405 potius
1328 3322 1635 3408 injuriam,
1678 3342 1864 3407 quam
1893 3321 2059 3386 suam
2089 3324 2494 3411 persequatur.

825 3526 857 3560 ο
904 3510 1226 3574 inimicitia.
1306 3557 1311 3565 ,
1403 3510 1435 3558 d
1469 3531 1576 3579 non
1607 3509 1987 3596 mmmg‘serunt
2013 3510 2326 3581 ambitum.

441 3697 545 3732 onte
577 3685 788 3735 dicebat.
848 3689 981 3737 Nota
1026 3692 1209 3744 autom.
1270 3686 1402 3747 quod
1449 3688 1556 3736 Ser.
1621 3687 1767 3751 quiin
1789 3689 1885 3737 alio
1908 3689 2097 3739 Ordine
2126 3697 2215 3739 aut
2238 3693 2456 3751 collegio
2484 3691 2730 3755 conjuncti

443 3748 628 3798 Tunius
668 3765 863 3799 omnem
906 3758 1137 3814 populum
1179 3754 1320 3801 Rom.
1371 3752 1420 3800 in
1471 3767 1560 3800 sex
1621 3758 1764 3799 cunt:
1801 3756 1931 3802 unde
1950 3762 2004 3803 et
2024 3756 2320 3815 sodalitates,
2337 3764 2392 3805 et
2409 3759 2641 3808 sodalitia.

443 3815 621 3862 classes
641 3815 919 3872 distribuitg
971 3820 1149 3865 classes
1170 3825 1338 3865 nutem
1363 3817 1412 3865 in
1437 3831 1556 3864 cen-
1686 3820 1765 3867 34.
1810 3819 2149 3879 Dauum-iun]
2216 3823 2513 3872 numitorius
2540 3823 2729 3881 dicitur,

442 3890 551 3927 tum
565 3885 665 3927 tres
679 3895 735 3928 ac
754 3883 1014 3940 nonaginta
1028 3882 1289 3930 centurias.
1360 3883 1414 3931 ln
1432 3884 1557 3931 clas·
1620 3881 1702 3944 qui
1722 3897 1782 3933 ue
1802 3897 1995 3939 cunum
2010 3886 2419 3948 interrumpat,ab
2435 3902 2533 3936 uno
2546 3901 2668 3950 equo
2682 3890 2727 3937 in

444 3942 574 3994 sibus
595 3950 761 3992 autem
777 3951 832 3992 et
851 3946 1083 3995 centuriis
1094 3947 1421 3997 describendis
1439 3962 1559 3996 een·
1623 3949 1768 3995 alium
1793 3949 1943 3998 insilit
1958 3967 1974 4010 ;
1991 3952 2088 3999 sivo
2104 3950 2204 4013 qui,
2221 3952 2394 4000 relicto
2405 3955 2613 4012 equestri
2630 3967 2729 4001 cer-

444 4022 553 4059 eum
567 4013 763 4058 secutus
775 4018 851 4057 est
860 4027 877 4069 3
895 4011 996 4071 qui,
1012 4019 1066 4057 ut
1081 4011 1126 4058 in
1141 4026 1330 4072 quoque
1348 4012 1562 4062 variatus
1623 4013 1826 4071 tamine,
1840 4016 2030 4062 confert
2041 4031 2092 4063 se
2105 4017 2150 4063 in
2162 4025 2412 4065 certamen
2423 4020 2605 4065 curule:
2621 4031 2732 4066 nam

447 4078 546 4130 est,
580 4074 649 4122 cic
680 4073 837 4123 varios
864 4076 945 4122 ille
966 4074 1085 4125 fecit
1106 4076 1333 4128 classium
1355 4079 1528 4135 gradus
1544 4096 1581 4137 ς,

447 4152 565 4193 nam
588 4139 636 4187 in
656 4139 865 4201 primam
885 4139 967 4200 qni
987 4153 1184 4189 censum
1202 4141 1407 4190 minium
1433 4144 1562 4201 aeris,

449 4210 534 4255 aut
555 4200 788 4264 majorem
818 4217 1017 4254 censum
1048 4206 1298 4263 baberent,
1332 4205 1557 4268 conjecit.

523 4271 593 4315 18.
636 4268 751 4316 :⁶211ae
766 4267 964 4327 relicta]
989 4272 1064 4318 De
1079 4270 1138 4318 iia
1154 4273 1387 4319 honorum
1407 4271 1559 4332 iusig-

450 4328 593 4380 nibus
613 4335 835 4395 loquitur,
857 4349 960 4397 quae
977 4335 1023 4383 ei
1046 4350 1074 4383 a
1094 4343 1232 4395 patre
1248 4336 1421 4385 relicta
1433 4343 1563 4386 eunt.

518 4394 600 4445 28.
651 4397 829 4449 Sodatis
854 4398 999 4460 ficia]
1084 4400 1278 4453 sodales
1312 4401 1558 4467 dicuntur,

1624 4076 1742 4126 licet
1774 4093 1867 4129 non
1891 4084 2034 4140 petat
2049 4082 2376 4140 consulatum,
2399 4087 2572 4131 tamem
2587 4094 2729 4130 occu·

1625 4149 1701 4190 sat
1746 4145 2016 4201 οοηουῑοαη
2058 4145 2272 4194 debebat
2319 4148 2485 4208 potin·
2529 4147 2734 4197 arabim

1622 4213 1888 4269 praeturam
1903 4225 2048 4270 quam
2062 4211 2382 4262 consulatum.

1693 4271 1760 4321 lb.
1802 4272 2204 4337 Inquadrigamm
2218 4274 2536 4335 curticulmj
2599 4280 2728 4327 Auu-

1623 4334 1698 4384 dit
1714 4338 1778 4384 ad
1797 4340 2113 4399 Olympicum
2136 4341 2261 4390 sudi
2294 4355 2364 4400 m,
2397 4343 2484 4392 ubi
2505 4344 2571 4394 de
2604 4347 2729 4395 Quo—

1620 4401 1864 4463 drigarum
1883 4404 2131 4454 celeritate
2149 4407 2444 4459 certabatur.
