<?xml version="1.0" encoding="UTF-8"?>
<!DOCTYPE html PUBLIC "-//W3C//DTD XHTML 1.0 Transitional//EN"
    "http://www.w3.org/TR/xhtml1/DTD/xhtml1-transitional.dtd">
<html xmlns="http://www.w3.org/1999/xhtml" xml:lang="en" lang="en">
 <head>
  <title>
</title>
<meta http-equiv="Content-Type" content="text/html;charset=utf-8" />
  <meta name='ocr-system' content='tesseract 3.04.00' />
  <meta name='ocr-capabilities' content='ocr_page ocr_carea ocr_par ocr_line ocrx_word'/>
</head>
<body>
  <div class='ocr_page' id='page_1' title='image "./orationesquaeda01cicegoog/orationesquaeda01cicegoog_0266.png"; bbox 0 0 2984 4942; ppageno 0'>
   <div class='ocr_carea' id='block_1_1' title="bbox 806 328 1907 407">
    <p class='ocr_par' dir='ltr' id='par_1_1' title="bbox 806 328 1907 407">
     <span class='ocr_line' id='line_1_1' title="bbox 806 328 1907 407; baseline -0.005 -7"><span class='ocrx_word' id='word_1_1' title='bbox 806 330 1159 399; x_wconf 76' lang='lat' dir='ltr'>ORA&#39;mo</span> <span class='ocrx_word' id='word_1_2' title='bbox 1197 328 1382 407; x_wconf 74' lang='lat' dir='ltr'>PRO</span> <span class='ocrx_word' id='word_1_3' title='bbox 1424 329 1526 394; x_wconf 88' lang='lat' dir='ltr'>M.</span> <span class='ocrx_word' id='word_1_4' title='bbox 1569 330 1907 399; x_wconf 79' lang='lat' dir='ltr'>como.</span> 
     </span>
    </p>
   </div>
   <div class='ocr_carea' id='block_1_2' title="bbox 2392 338 2522 401">
    <p class='ocr_par' dir='ltr' id='par_1_2' title="bbox 2392 338 2522 401">
     <span class='ocr_line' id='line_1_2' title="bbox 2392 338 2522 401; baseline 0 0"><span class='ocrx_word' id='word_1_5' title='bbox 2392 338 2522 401; x_wconf 73' lang='lat'>225</span> 
     </span>
    </p>
   </div>
   <div class='ocr_carea' id='block_1_3' title="bbox 234 463 2524 1140">
    <p class='ocr_par' dir='ltr' id='par_1_3' title="bbox 234 463 2524 1140">
     <span class='ocr_line' id='line_1_3' title="bbox 240 463 2432 553; baseline -0.004 -14"><span class='ocrx_word' id='word_1_6' title='bbox 240 492 378 539; x_wconf 86' lang='lat' dir='ltr'>eum</span> <span class='ocrx_word' id='word_1_7' title='bbox 397 469 667 535; x_wconf 77' lang='lat' dir='ltr'>videram</span> <span class='ocrx_word' id='word_1_8' title='bbox 694 465 914 529; x_wconf 79' lang='lat' dir='ltr'>frustra</span> <span class='ocrx_word' id='word_1_9' title='bbox 941 466 1297 553; x_wconf 82' lang='lat' dir='ltr'>litigantem.</span> <span class='ocrx_word' id='word_1_10' title='bbox 1342 463 1487 529; x_wconf 77' lang='lat' dir='ltr'>Tibi</span> <span class='ocrx_word' id='word_1_11' title='bbox 1516 478 1742 540; x_wconf 84' lang='lat' dir='ltr'>autem,</span> <span class='ocrx_word' id='word_1_12' title='bbox 1787 465 1993 543; x_wconf 81' lang='lat' dir='ltr'>Balbe,</span> <span class='ocrx_word' id='word_1_13' title='bbox 2033 465 2432 553; x_wconf 80' lang='lat' dir='ltr'>respondebo,</span> 
     </span>
     <span class='ocr_line' id='line_1_4' title="bbox 236 550 2437 645; baseline -0.001 -24"><span class='ocrx_word' id='word_1_14' title='bbox 236 561 502 645; x_wconf 83' lang='lat' dir='ltr'>primum</span> <span class='ocrx_word' id='word_1_15' title='bbox 521 557 814 641; x_wconf 84' lang='lat' dir='ltr'>precario,</span> <span class='ocrx_word' id='word_1_16' title='bbox 846 555 887 615; x_wconf 80' lang='lat' dir='ltr'>si</span> <span class='ocrx_word' id='word_1_17' title='bbox 911 554 1071 629; x_wconf 88' lang='lat' dir='ltr'>licet,</span> <span class='ocrx_word' id='word_1_18' title='bbox 1092 552 1161 615; x_wconf 88' lang='lat' dir='ltr'>fit</span> <span class='ocrx_word' id='word_1_19' title='bbox 1177 552 1269 617; x_wconf 79' lang='lat' dir='ltr'>fas</span> <span class='ocrx_word' id='word_1_20' title='bbox 1286 550 1398 628; x_wconf 87' lang='lat' dir='ltr'>est,</span> <span class='ocrx_word' id='word_1_21' title='bbox 1428 551 1678 615; x_wconf 80' lang='lat' dir='ltr'>defendi</span> <span class='ocrx_word' id='word_1_22' title='bbox 1699 574 1735 615; x_wconf 85' lang='lat' dir='ltr'>a</span> <span class='ocrx_word' id='word_1_23' title='bbox 1756 574 1854 616; x_wconf 87' lang='lat' dir='ltr'>me</span> <span class='ocrx_word' id='word_1_24' title='bbox 1872 574 2034 629; x_wconf 86' lang='lat' dir='ltr'>eum,</span> <span class='ocrx_word' id='word_1_25' title='bbox 2065 556 2167 639; x_wconf 87' lang='lat' dir='ltr'>qui</span> <span class='ocrx_word' id='word_1_26' title='bbox 2191 556 2437 619; x_wconf 85' lang='lat' dir='ltr'>nullum</span> 
     </span>
     <span class='ocr_line' id='line_1_5' title="bbox 241 638 2432 726; baseline -0.002 -16"><span class='ocrx_word' id='word_1_27' title='bbox 241 647 590 712; x_wconf 85' lang='lat' dir='ltr'>convivium</span> <span class='ocrx_word' id='word_1_28' title='bbox 639 659 669 693; x_wconf 74' lang='lat' dir='ltr'>e</span> <span class='ocrx_word' id='word_1_29' title='bbox 699 641 990 718; x_wconf 76' lang='lat' dir='ltr'>renuerit,</span> <span class='ocrx_word' id='word_1_30' title='bbox 1034 655 1337 726; x_wconf 86' lang='lat' dir='ltr'>unguenta</span> <span class='ocrx_word' id='word_1_31' title='bbox 1379 638 1715 723; x_wconf 82' lang='lat' dir='ltr'><strong>sumpserit,</strong></span> <span class='ocrx_word' id='word_1_32' title='bbox 1781 640 1880 721; x_wconf 85' lang='lat' dir='ltr'>qui</span> <span class='ocrx_word' id='word_1_33' title='bbox 1931 641 2123 718; x_wconf 85' lang='lat' dir='ltr'>Baias,</span> <span class='ocrx_word' id='word_1_34' title='bbox 2194 644 2432 709; x_wconf 86' lang='lat' dir='ltr'>viderit.</span> 
     </span>
     <span class='ocr_line' id='line_1_6' title="bbox 236 727 2436 818; baseline -0.002 -18"><span class='ocrx_word' id='word_1_35' title='bbox 236 734 540 818; x_wconf 85' lang='lat' dir='ltr'>Equidem</span> <span class='ocrx_word' id='word_1_36' title='bbox 572 731 794 794; x_wconf 86' lang='lat' dir='ltr'>multos</span> <span class='ocrx_word' id='word_1_37' title='bbox 822 746 883 792; x_wconf 87' lang='lat' dir='ltr'>et</span> <span class='ocrx_word' id='word_1_38' title='bbox 913 728 1035 791; x_wconf 87' lang='lat' dir='ltr'>vidi</span> <span class='ocrx_word' id='word_1_39' title='bbox 1057 730 1121 790; x_wconf 87' lang='lat' dir='ltr'>in</span> <span class='ocrx_word' id='word_1_40' title='bbox 1148 728 1265 789; x_wconf 85' lang='lat' dir='ltr'>hac</span> <span class='ocrx_word' id='word_1_41' title='bbox 1294 727 1562 805; x_wconf 82' lang='lat' dir='ltr'>civitate,</span> <span class='ocrx_word' id='word_1_42' title='bbox 1608 728 1669 791; x_wconf 81' lang='lat' dir='ltr'>et</span> <span class='ocrx_word' id='word_1_43' title='bbox 1698 727 1922 802; x_wconf 88' lang='lat' dir='ltr'>audivi,</span> <span class='ocrx_word' id='word_1_44' title='bbox 1965 748 2089 792; x_wconf 90' lang='lat' dir='ltr'>non</span> <span class='ocrx_word' id='word_1_45' title='bbox 2119 732 2298 795; x_wconf 86' lang='lat' dir='ltr'>modo</span> <span class='ocrx_word' id='word_1_46' title='bbox 2328 732 2436 816; x_wconf 88' lang='lat' dir='ltr'>qui</span> 
     </span>
     <span class='ocr_line' id='line_1_7' title="bbox 234 814 2524 908; baseline -0 -24"><span class='ocrx_word' id='word_1_47' title='bbox 234 819 604 908; x_wconf 80' lang='lat' dir='ltr'>primoribus</span> <span class='ocrx_word' id='word_1_48' title='bbox 626 818 804 881; x_wconf 87' lang='lat' dir='ltr'>labris</span> <span class='ocrx_word' id='word_1_49' title='bbox 824 814 1147 903; x_wconf 84' lang='lat' dir='ltr'>gustaffent</span> <span class='ocrx_word' id='word_1_50' title='bbox 1175 836 1371 902; x_wconf 78' lang='lat' dir='ltr'>genus</span> <span class='ocrx_word' id='word_1_51' title='bbox 1398 816 1518 880; x_wconf 86' lang='lat' dir='ltr'>hoc</span> <span class='ocrx_word' id='word_1_52' title='bbox 1539 815 1706 891; x_wconf 76' lang='lat' dir='ltr'>vitoe,</span> <span class='ocrx_word' id='word_1_53' title='bbox 1752 830 1813 878; x_wconf 90' lang='lat' dir='ltr'>et</span> <span class='ocrx_word' id='word_1_54' title='bbox 1841 818 2150 892; x_wconf 74' lang='lat' dir='ltr'>extremiS,</span> <span class='ocrx_word' id='word_1_55' title='bbox 2194 833 2262 881; x_wconf 90' lang='lat' dir='ltr'>ut</span> <span class='ocrx_word' id='word_1_56' title='bbox 2286 820 2524 883; x_wconf 85' lang='lat' dir='ltr'>dici-60</span> 
     </span>
     <span class='ocr_line' id='line_1_8' title="bbox 238 903 2440 990; baseline -0 -17"><span class='ocrx_word' id='word_1_57' title='bbox 238 925 360 985; x_wconf 88' lang='lat' dir='ltr'>tur,</span> <span class='ocrx_word' id='word_1_58' title='bbox 413 909 472 971; x_wconf 93' lang='lat' dir='ltr'>di</span> <span class='ocrx_word' id='word_1_59' title='bbox 514 907 634 968; x_wconf 88' lang='lat' dir='ltr'>itus</span> <span class='ocrx_word' id='word_1_60' title='bbox 679 903 1022 990; x_wconf 79' lang='lat' dir='ltr'>attigiffent,</span> <span class='ocrx_word' id='word_1_61' title='bbox 1067 904 1168 967; x_wconf 91' lang='lat' dir='ltr'>sed</span> <span class='ocrx_word' id='word_1_62' title='bbox 1189 926 1294 987; x_wconf 77' lang='lat' dir='ltr'>qui</span> <span class='ocrx_word' id='word_1_63' title='bbox 1317 918 1512 967; x_wconf 84' lang='lat' dir='ltr'>totam</span> <span class='ocrx_word' id='word_1_64' title='bbox 1535 903 2002 966; x_wconf 78' lang='lat' dir='ltr'>adolescentiam</span> <span class='ocrx_word' id='word_1_65' title='bbox 2032 905 2440 989; x_wconf 79' lang='lat' dir='ltr'>voluptatibus</span> 
     </span>
     <span class='ocr_line' id='line_1_9' title="bbox 238 989 2444 1140; baseline -0 -82"><span class='ocrx_word' id='word_1_66' title='bbox 238 997 444 1060; x_wconf 89' lang='lat' dir='ltr'>dedidi</span> <span class='ocrx_word' id='word_1_67' title='bbox 490 1008 616 1069; x_wconf 83' lang='lat' dir='ltr'>ent,</span> <span class='ocrx_word' id='word_1_68' title='bbox 662 991 953 1056; x_wconf 82' lang='lat' dir='ltr'>emersiffe</span> <span class='ocrx_word' id='word_1_69' title='bbox 982 992 1330 1075; x_wconf 86' lang='lat' dir='ltr'>aliquando,</span> <span class='ocrx_word' id='word_1_70' title='bbox 1374 1006 1437 1055; x_wconf 89' lang='lat' dir='ltr'>et</span> <span class='ocrx_word' id='word_1_71' title='bbox 1487 989 1549 1053; x_wconf 90' lang='lat' dir='ltr'>se</span> <span class='ocrx_word' id='word_1_72' title='bbox 1577 992 1653 1053; x_wconf 79' lang='lat' dir='ltr'>ad</span> <span class='ocrx_word' id='word_1_73' title='bbox 1677 994 1921 1140; x_wconf 54' lang='lat' dir='ltr'>irugem</span> <span class='ocrx_word' id='word_1_74' title='bbox 1943 991 2190 1068; x_wconf 88' lang='lat' dir='ltr'>bonam,</span> <span class='ocrx_word' id='word_1_75' title='bbox 2209 1007 2276 1055; x_wconf 93' lang='lat' dir='ltr'>ut</span> <span class='ocrx_word' id='word_1_76' title='bbox 2291 993 2444 1057; x_wconf 85' lang='lat' dir='ltr'>dici-</span> 
     </span>
    </p>
   </div>
   <div class='ocr_carea' id='block_1_4' title="bbox 235 1079 1773 1167">
    <p class='ocr_par' dir='ltr' id='par_1_4' title="bbox 235 1079 1773 1167">
     <span class='ocr_line' id='line_1_10' title="bbox 235 1079 1773 1167; baseline -0.003 -20"><span class='ocrx_word' id='word_1_77' title='bbox 235 1100 362 1161; x_wconf 84' lang='lat' dir='ltr'>tur,</span> <span class='ocrx_word' id='word_1_78' title='bbox 406 1082 706 1163; x_wconf 70' lang='lat' dir='ltr'>recepisse,</span> <span class='ocrx_word' id='word_1_79' title='bbox 752 1079 1080 1167; x_wconf 81' lang='lat' dir='ltr'>gravesque</span> <span class='ocrx_word' id='word_1_80' title='bbox 1120 1079 1401 1144; x_wconf 85' lang='lat' dir='ltr'>homines</span> <span class='ocrx_word' id='word_1_81' title='bbox 1447 1095 1625 1161; x_wconf 88' lang='lat' dir='ltr'>atque</span> <span class='ocrx_word' id='word_1_82' title='bbox 1664 1079 1773 1142; x_wconf 86' lang='lat' dir='ltr'>illu</span> 
     </span>
    </p>
   </div>
   <div class='ocr_carea' id='block_1_5' title="bbox 1827 1078 2445 1145">
    <p class='ocr_par' dir='ltr' id='par_1_5' title="bbox 1827 1078 2445 1145">
     <span class='ocr_line' id='line_1_11' title="bbox 1827 1078 2445 1145; baseline 0.008 -5"><span class='ocrx_word' id='word_1_83' title='bbox 1827 1099 1923 1140; x_wconf 88' lang='lat' dir='ltr'>res</span> <span class='ocrx_word' id='word_1_84' title='bbox 1965 1078 2158 1142; x_wconf 77' lang='lat' dir='ltr'>fuifl&#39;e.</span> <span class='ocrx_word' id='word_1_85' title='bbox 2248 1079 2445 1145; x_wconf 81' lang='lat' dir='ltr'>Datur</span> 
     </span>
    </p>
   </div>
   <div class='ocr_carea' id='block_1_6' title="bbox 229 1166 2530 1431">
    <p class='ocr_par' dir='ltr' id='par_1_6' title="bbox 229 1166 2530 1431">
     <span class='ocr_line' id='line_1_12' title="bbox 234 1166 2447 1252; baseline -0.002 -18"><span class='ocrx_word' id='word_1_86' title='bbox 234 1172 406 1235; x_wconf 88' lang='lat' dir='ltr'>enim</span> <span class='ocrx_word' id='word_1_87' title='bbox 459 1168 738 1234; x_wconf 85' lang='lat' dir='ltr'>conceffu</span> <span class='ocrx_word' id='word_1_88' title='bbox 773 1168 1047 1231; x_wconf 87' lang='lat' dir='ltr'>omnium</span> <span class='ocrx_word' id='word_1_89' title='bbox 1094 1166 1241 1230; x_wconf 88' lang='lat' dir='ltr'>huic</span> <span class='ocrx_word' id='word_1_90' title='bbox 1294 1167 1512 1252; x_wconf 87' lang='lat' dir='ltr'>aliquis</span> <span class='ocrx_word' id='word_1_91' title='bbox 1556 1167 1737 1230; x_wconf 83' lang='lat' dir='ltr'>ludus</span> <span class='ocrx_word' id='word_1_92' title='bbox 1759 1167 1944 1241; x_wconf 82' lang='lat' dir='ltr'>aetati,</span> <span class='ocrx_word' id='word_1_93' title='bbox 1990 1181 2052 1229; x_wconf 91' lang='lat' dir='ltr'>et</span> <span class='ocrx_word' id='word_1_94' title='bbox 2083 1166 2200 1250; x_wconf 85' lang='lat' dir='ltr'>ipsa</span> <span class='ocrx_word' id='word_1_95' title='bbox 2229 1182 2447 1230; x_wconf 82' lang='lat' dir='ltr'>natura</span> 
     </span>
     <span class='ocr_line' id='line_1_13' title="bbox 232 1250 2530 1345; baseline -0.002 -23"><span class='ocrx_word' id='word_1_96' title='bbox 232 1258 559 1345; x_wconf 83' lang='lat' dir='ltr'>profundit</span> <span class='ocrx_word' id='word_1_97' title='bbox 588 1254 1002 1319; x_wconf 69' lang='lat' dir='ltr'>adolescentiae</span> <span class='ocrx_word' id='word_1_98' title='bbox 1034 1250 1394 1339; x_wconf 81' lang='lat' dir='ltr'>cupiditates</span> <span class='ocrx_word' id='word_1_99' title='bbox 1418 1280 1439 1330; x_wconf 87' lang='lat'>;</span> <span class='ocrx_word' id='word_1_100' title='bbox 1486 1275 1631 1338; x_wconf 86' lang='lat' dir='ltr'>quae</span> <span class='ocrx_word' id='word_1_101' title='bbox 1649 1253 1690 1316; x_wconf 85' lang='lat' dir='ltr'><strong>fi</strong></span> <span class='ocrx_word' id='word_1_102' title='bbox 1714 1254 1797 1316; x_wconf 84' lang='lat' dir='ltr'>ita</span> <span class='ocrx_word' id='word_1_103' title='bbox 1819 1268 2173 1337; x_wconf 86' lang='lat' dir='ltr'>erumpunt,</span> <span class='ocrx_word' id='word_1_104' title='bbox 2215 1268 2283 1319; x_wconf 90' lang='lat' dir='ltr'>ut</span> <span class='ocrx_word' id='word_1_105' title='bbox 2311 1257 2530 1318; x_wconf 84' lang='lat' dir='ltr'>nul-65</span> 
     </span>
     <span class='ocr_line' id='line_1_14' title="bbox 229 1341 2455 1431; baseline -0.002 -21"><span class='ocrx_word' id='word_1_106' title='bbox 229 1348 357 1431; x_wconf 73' lang='lat' dir='ltr'>lius</span> <span class='ocrx_word' id='word_1_107' title='bbox 403 1345 591 1408; x_wconf 85' lang='lat' dir='ltr'>vitam</span> <span class='ocrx_word' id='word_1_108' title='bbox 637 1342 1071 1421; x_wconf 51' lang='lat' dir='ltr'>‘labefatstenss</span> <span class='ocrx_word' id='word_1_109' title='bbox 1135 1344 1357 1407; x_wconf 88' lang='lat' dir='ltr'>nullius</span> <span class='ocrx_word' id='word_1_110' title='bbox 1387 1344 1644 1406; x_wconf 83' lang='lat' dir='ltr'>domum</span> <span class='ocrx_word' id='word_1_111' title='bbox 1688 1356 1979 1416; x_wconf 81' lang='lat' dir='ltr'>evertant,</span> <span class='ocrx_word' id='word_1_112' title='bbox 2026 1341 2235 1405; x_wconf 79' lang='lat' dir='ltr'>faciles</span> <span class='ocrx_word' id='word_1_113' title='bbox 2264 1357 2328 1405; x_wconf 89' lang='lat' dir='ltr'>et</span> <span class='ocrx_word' id='word_1_114' title='bbox 2356 1359 2455 1406; x_wconf 90' lang='lat' dir='ltr'>to-</span> 
     </span>
    </p>
   </div>
   <div class='ocr_carea' id='block_1_7' title="bbox 229 1426 1032 1497">
    <p class='ocr_par' dir='ltr' id='par_1_7' title="bbox 229 1426 1032 1497">
     <span class='ocr_line' id='line_1_15' title="bbox 229 1426 1032 1497; baseline -0.006 0"><span class='ocrx_word' id='word_1_115' title='bbox 229 1426 511 1497; x_wconf 67' lang='lat' dir='ltr'>letabiles</span> <span class='ocrx_word' id='word_1_116' title='bbox 565 1430 775 1495; x_wconf 87' lang='lat' dir='ltr'>haberi</span> <span class='ocrx_word' id='word_1_117' title='bbox 821 1431 1032 1495; x_wconf 81' lang='lat' dir='ltr'>solent.</span> 
     </span>
    </p>
   </div>
   <div class='ocr_carea' id='block_1_8' title="bbox 1122 1430 2452 1495">
    <p class='ocr_par' dir='ltr' id='par_1_8' title="bbox 1122 1430 2452 1495">
     <span class='ocr_line' id='line_1_16' title="bbox 1122 1430 2452 1495; baseline 0 -2"><span class='ocrx_word' id='word_1_118' title='bbox 1122 1431 1245 1493; x_wconf 89' lang='lat' dir='ltr'>Sed</span> <span class='ocrx_word' id='word_1_119' title='bbox 1276 1445 1340 1494; x_wconf 85' lang='lat' dir='ltr'>tu</span> <span class='ocrx_word' id='word_1_120' title='bbox 1363 1430 1508 1494; x_wconf 75' lang='lat' dir='ltr'>mihi</span> <span class='ocrx_word' id='word_1_121' title='bbox 1535 1430 1815 1495; x_wconf 82' lang='lat' dir='ltr'>videbare</span> <span class='ocrx_word' id='word_1_122' title='bbox 1845 1452 1919 1493; x_wconf 81' lang='lat' dir='ltr'>ex</span> <span class='ocrx_word' id='word_1_123' title='bbox 1949 1431 2262 1494; x_wconf 86' lang='lat' dir='ltr'>communi</span> <span class='ocrx_word' id='word_1_124' title='bbox 2290 1432 2452 1493; x_wconf 87' lang='lat' dir='ltr'>infa-</span> 
     </span>
    </p>
   </div>
   <div class='ocr_carea' id='block_1_9' title="bbox 228 1516 2541 1778">
    <p class='ocr_par' dir='ltr' id='par_1_9' title="bbox 228 1516 2541 1778">
     <span class='ocr_line' id='line_1_17' title="bbox 230 1516 2450 1606; baseline -0.002 -20"><span class='ocrx_word' id='word_1_125' title='bbox 230 1523 381 1597; x_wconf 85' lang='lat' dir='ltr'>mia,</span> <span class='ocrx_word' id='word_1_126' title='bbox 420 1518 761 1606; x_wconf 80' lang='lat' dir='ltr'>juventutis</span> <span class='ocrx_word' id='word_1_127' title='bbox 791 1520 1057 1603; x_wconf 83' lang='lat' dir='ltr'><strong>aliquam</strong></span> <span class='ocrx_word' id='word_1_128' title='bbox 1086 1519 1374 1580; x_wconf 77' lang='lat' dir='ltr'>invidiam</span> <span class='ocrx_word' id='word_1_129' title='bbox 1416 1519 1621 1580; x_wconf 82' lang='lat' dir='ltr'>Coelio</span> <span class='ocrx_word' id='word_1_130' title='bbox 1638 1519 1792 1580; x_wconf 84' lang='lat' dir='ltr'>velle</span> <span class='ocrx_word' id='word_1_131' title='bbox 1815 1537 1843 1579; x_wconf 74' lang='lat' dir='ltr'>g</span> <span class='ocrx_word' id='word_1_132' title='bbox 1879 1516 2143 1581; x_wconf 86' lang='lat' dir='ltr'>conflare</span> <span class='ocrx_word' id='word_1_133' title='bbox 2174 1544 2195 1593; x_wconf 72' lang='grc' dir='ltr'><strong>ς</strong></span> <span class='ocrx_word' id='word_1_134' title='bbox 2244 1517 2450 1601; x_wconf 81' lang='lat' dir='ltr'>itaque</span> 
     </span>
     <span class='ocr_line' id='line_1_18' title="bbox 228 1602 2448 1688; baseline -0.001 -16"><span class='ocrx_word' id='word_1_135' title='bbox 228 1629 419 1672; x_wconf 88' lang='lat' dir='ltr'>omne</span> <span class='ocrx_word' id='word_1_136' title='bbox 448 1607 599 1670; x_wconf 88' lang='lat' dir='ltr'>illud</span> <span class='ocrx_word' id='word_1_137' title='bbox 632 1606 955 1682; x_wconf 77' lang='lat' dir='ltr'>silentium,</span> <span class='ocrx_word' id='word_1_138' title='bbox 1000 1605 1166 1688; x_wconf 90' lang='lat' dir='ltr'>quod</span> <span class='ocrx_word' id='word_1_139' title='bbox 1194 1602 1283 1667; x_wconf 91' lang='lat' dir='ltr'>est</span> <span class='ocrx_word' id='word_1_140' title='bbox 1305 1604 1563 1668; x_wconf 84' lang='lat' dir='ltr'>orationi</span> <span class='ocrx_word' id='word_1_141' title='bbox 1581 1603 1877 1668; x_wconf 85' lang='lat' dir='ltr'>tributum</span> <span class='ocrx_word' id='word_1_142' title='bbox 1895 1619 2040 1679; x_wconf 64' lang='grc' dir='ltr'>ωε,</span> <span class='ocrx_word' id='word_1_143' title='bbox 2074 1605 2188 1669; x_wconf 82' lang='lat' dir='ltr'>fuit</span> <span class='ocrx_word' id='word_1_144' title='bbox 2208 1605 2290 1668; x_wconf 88' lang='lat' dir='ltr'>ob</span> <span class='ocrx_word' id='word_1_145' title='bbox 2310 1629 2448 1670; x_wconf 82' lang='lat' dir='ltr'>eam</span> 
     </span>
     <span class='ocr_line' id='line_1_19' title="bbox 228 1692 2541 1778; baseline -0.002 -18"><span class='ocrx_word' id='word_1_146' title='bbox 228 1695 502 1769; x_wconf 84' lang='lat' dir='ltr'>causam,</span> <span class='ocrx_word' id='word_1_147' title='bbox 547 1695 715 1778; x_wconf 90' lang='lat' dir='ltr'>quod</span> <span class='ocrx_word' id='word_1_148' title='bbox 748 1714 871 1757; x_wconf 90' lang='lat' dir='ltr'>uno</span> <span class='ocrx_word' id='word_1_149' title='bbox 900 1715 1006 1758; x_wconf 91' lang='lat' dir='ltr'>reo</span> <span class='ocrx_word' id='word_1_150' title='bbox 1063 1692 1379 1776; x_wconf 75' lang='lat' dir='ltr'>propolim,</span> <span class='ocrx_word' id='word_1_151' title='bbox 1436 1694 1517 1755; x_wconf 92' lang='lat' dir='ltr'>de</span> <span class='ocrx_word' id='word_1_152' title='bbox 1547 1693 1882 1756; x_wconf 84' lang='lat' dir='ltr'>multorum</span> <span class='ocrx_word' id='word_1_153' title='bbox 1928 1692 2089 1755; x_wconf 84' lang='lat' dir='ltr'>vitiis</span> <span class='ocrx_word' id='word_1_154' title='bbox 2141 1693 2541 1778; x_wconf 64' lang='lat' dir='ltr'>cogitaba-i&#39;o</span> 
     </span>
    </p>
   </div>
   <div class='ocr_carea' id='block_1_10' title="bbox 230 1806 383 1849">
    <p class='ocr_par' dir='ltr' id='par_1_10' title="bbox 230 1806 383 1849">
     <span class='ocr_line' id='line_1_20' title="bbox 230 1806 383 1849; baseline -0.02 -1"><span class='ocrx_word' id='word_1_155' title='bbox 230 1806 383 1849; x_wconf 75' lang='lat' dir='ltr'>mus.</span> 
     </span>
    </p>
   </div>
   <div class='ocr_carea' id='block_1_11' title="bbox 477 1779 2446 1866">
    <p class='ocr_par' dir='ltr' id='par_1_11' title="bbox 477 1779 2446 1866">
     <span class='ocr_line' id='line_1_21' title="bbox 477 1779 2446 1866; baseline 0 -20"><span class='ocrx_word' id='word_1_156' title='bbox 477 1783 677 1846; x_wconf 87' lang='lat' dir='ltr'>Facile</span> <span class='ocrx_word' id='word_1_157' title='bbox 708 1781 796 1845; x_wconf 88' lang='lat' dir='ltr'>est</span> <span class='ocrx_word' id='word_1_158' title='bbox 824 1781 1096 1847; x_wconf 84' lang='lat' dir='ltr'>accusare</span> <span class='ocrx_word' id='word_1_159' title='bbox 1127 1781 1471 1857; x_wconf 64' lang='lat' dir='ltr'>luthrim3</span> <span class='ocrx_word' id='word_1_160' title='bbox 1502 1781 1634 1845; x_wconf 83' lang='lat' dir='ltr'>dies</span> <span class='ocrx_word' id='word_1_161' title='bbox 1670 1781 1800 1866; x_wconf 80' lang='lat' dir='ltr'>jam</span> <span class='ocrx_word' id='word_1_162' title='bbox 1831 1802 1931 1845; x_wconf 85' lang='lat' dir='ltr'>me</span> <span class='ocrx_word' id='word_1_163' title='bbox 1949 1779 2219 1857; x_wconf 85' lang='lat' dir='ltr'>deficiet,</span> <span class='ocrx_word' id='word_1_164' title='bbox 2241 1781 2282 1842; x_wconf 85' lang='lat' dir='ltr'>fi</span> <span class='ocrx_word' id='word_1_165' title='bbox 2308 1804 2446 1865; x_wconf 84' lang='lat' dir='ltr'>quae</span> 
     </span>
    </p>
   </div>
   <div class='ocr_carea' id='block_1_12' title="bbox 230 1869 2448 2043">
    <p class='ocr_par' dir='ltr' id='par_1_12' title="bbox 230 1869 2448 2043">
     <span class='ocr_line' id='line_1_22' title="bbox 230 1869 2447 1952; baseline -0.001 -17"><span class='ocrx_word' id='word_1_166' title='bbox 230 1872 351 1936; x_wconf 89' lang='lat' dir='ltr'>dici</span> <span class='ocrx_word' id='word_1_167' title='bbox 383 1872 450 1934; x_wconf 91' lang='lat' dir='ltr'>in</span> <span class='ocrx_word' id='word_1_168' title='bbox 473 1892 608 1935; x_wconf 80' lang='lat' dir='ltr'>eam</span> <span class='ocrx_word' id='word_1_169' title='bbox 640 1869 996 1935; x_wconf 81' lang='lat' dir='ltr'>sententiam</span> <span class='ocrx_word' id='word_1_170' title='bbox 1020 1870 1276 1952; x_wconf 76' lang='lat' dir='ltr'>pofl‘unt,</span> <span class='ocrx_word' id='word_1_171' title='bbox 1321 1889 1508 1932; x_wconf 87' lang='lat' dir='ltr'>coner</span> <span class='ocrx_word' id='word_1_172' title='bbox 1537 1888 1935 1952; x_wconf 71' lang='lat' dir='ltr'>expromere3</span> <span class='ocrx_word' id='word_1_173' title='bbox 1980 1869 2057 1931; x_wconf 87' lang='lat' dir='ltr'>de</span> <span class='ocrx_word' id='word_1_174' title='bbox 2075 1869 2447 1952; x_wconf 78' lang='lat' dir='ltr'>corruptelis,</span> 
     </span>
     <span class='ocr_line' id='line_1_23' title="bbox 230 1954 2448 2043; baseline -0.001 -20"><span class='ocrx_word' id='word_1_175' title='bbox 230 1961 308 2024; x_wconf 90' lang='lat' dir='ltr'>de</span> <span class='ocrx_word' id='word_1_176' title='bbox 339 1959 678 2035; x_wconf 79' lang='lat' dir='ltr'>adulteriis,</span> <span class='ocrx_word' id='word_1_177' title='bbox 725 1959 801 2020; x_wconf 90' lang='lat' dir='ltr'>de</span> <span class='ocrx_word' id='word_1_178' title='bbox 841 1962 1219 2043; x_wconf 82' lang='lat' dir='ltr'>potervitate,</span> <span class='ocrx_word' id='word_1_179' title='bbox 1262 1957 1343 2019; x_wconf 87' lang='lat' dir='ltr'>de</span> <span class='ocrx_word' id='word_1_180' title='bbox 1394 1956 1746 2037; x_wconf 84' lang='lat' dir='ltr'>sumptibus,</span> <span class='ocrx_word' id='word_1_181' title='bbox 1790 1954 2083 2019; x_wconf 85' lang='lat' dir='ltr'>immensa</span> <span class='ocrx_word' id='word_1_182' title='bbox 2139 1959 2331 2020; x_wconf 89' lang='lat' dir='ltr'>oratio</span> <span class='ocrx_word' id='word_1_183' title='bbox 2358 1956 2448 2020; x_wconf 84' lang='lat' dir='ltr'>est</span> 
     </span>
    </p>
   </div>
   <div class='ocr_carea' id='block_1_13' title="bbox 232 2043 1543 2127">
    <p class='ocr_par' dir='ltr' id='par_1_13' title="bbox 232 2043 1543 2127">
     <span class='ocr_line' id='line_1_24' title="bbox 232 2043 1543 2127; baseline 0 -17"><span class='ocrx_word' id='word_1_184' title='bbox 232 2063 304 2110; x_wconf 85' lang='lat' dir='ltr'>ut</span> <span class='ocrx_word' id='word_1_185' title='bbox 334 2048 448 2119; x_wconf 85' lang='lat' dir='ltr'>tibi</span> <span class='ocrx_word' id='word_1_186' title='bbox 474 2067 647 2110; x_wconf 85' lang='lat' dir='ltr'>reum</span> <span class='ocrx_word' id='word_1_187' title='bbox 668 2051 1003 2120; x_wconf 83' lang='lat' dir='ltr'>neminem,</span> <span class='ocrx_word' id='word_1_188' title='bbox 1050 2043 1153 2108; x_wconf 85' lang='lat' dir='ltr'>sed</span> <span class='ocrx_word' id='word_1_189' title='bbox 1181 2045 1321 2107; x_wconf 80' lang='lat' dir='ltr'>vitia</span> <span class='ocrx_word' id='word_1_190' title='bbox 1349 2064 1543 2127; x_wconf 79' lang='lat' dir='ltr'>propo</span> 
     </span>
    </p>
   </div>
   <div class='ocr_carea' id='block_1_14' title="bbox 1545 2043 2451 2124">
    <p class='ocr_par' dir='ltr' id='par_1_14' title="bbox 1545 2043 2451 2124">
     <span class='ocr_line' id='line_1_25' title="bbox 1545 2043 2451 2124; baseline 0.001 -18"><span class='ocrx_word' id='word_1_191' title='bbox 1545 2064 1699 2117; x_wconf 73' lang='lat' dir='ltr'>nas3</span> <span class='ocrx_word' id='word_1_192' title='bbox 1742 2062 1840 2107; x_wconf 87' lang='lat' dir='ltr'>res</span> <span class='ocrx_word' id='word_1_193' title='bbox 1869 2055 2074 2105; x_wconf 79' lang='lat' dir='ltr'>tamen</span> <span class='ocrx_word' id='word_1_194' title='bbox 2104 2043 2225 2124; x_wconf 81' lang='lat' dir='ltr'>ipsa</span> <span class='ocrx_word' id='word_1_195' title='bbox 2253 2057 2316 2107; x_wconf 89' lang='lat' dir='ltr'>et</span> <span class='ocrx_word' id='word_1_196' title='bbox 2343 2064 2451 2107; x_wconf 87' lang='lat' dir='ltr'>co·-</span> 
     </span>
    </p>
   </div>
   <div class='ocr_carea' id='block_1_15' title="bbox 224 2129 2543 2565">
    <p class='ocr_par' dir='ltr' id='par_1_15' title="bbox 224 2129 2543 2565">
     <span class='ocr_line' id='line_1_26' title="bbox 225 2129 2543 2221; baseline -0.001 -24"><span class='ocrx_word' id='word_1_197' title='bbox 225 2136 396 2218; x_wconf 78' lang='lat' dir='ltr'>piose</span> <span class='ocrx_word' id='word_1_198' title='bbox 428 2149 490 2197; x_wconf 91' lang='lat' dir='ltr'>et</span> <span class='ocrx_word' id='word_1_199' title='bbox 536 2134 799 2221; x_wconf 80' lang='lat' dir='ltr'>graviter</span> <span class='ocrx_word' id='word_1_200' title='bbox 821 2130 1083 2197; x_wconf 88' lang='lat' dir='ltr'>accusari</span> <span class='ocrx_word' id='word_1_201' title='bbox 1105 2129 1318 2217; x_wconf 81' lang='lat' dir='ltr'>potest.</span> <span class='ocrx_word' id='word_1_202' title='bbox 1408 2129 1537 2193; x_wconf 87' lang='lat' dir='ltr'>Sed</span> <span class='ocrx_word' id='word_1_203' title='bbox 1590 2129 1804 2195; x_wconf 72' lang='lat' dir='ltr'>vestrae</span> <span class='ocrx_word' id='word_1_204' title='bbox 1849 2129 2153 2213; x_wconf 71' lang='lat' dir='ltr'>sapientiae</span> <span class='ocrx_word' id='word_1_205' title='bbox 2178 2129 2293 2207; x_wconf 80' lang='lat' dir='ltr'>est,</span> <span class='ocrx_word' id='word_1_206' title='bbox 2340 2131 2373 2196; x_wconf 92' lang='lat' dir='ltr'>J</span> <span class='ocrx_word' id='word_1_207' title='bbox 2379 2133 2491 2195; x_wconf 88' lang='lat' dir='ltr'>u-7</span> <span class='ocrx_word' id='word_1_208' title='bbox 2496 2137 2543 2195; x_wconf 77' lang='lat'>5</span> 
     </span>
     <span class='ocr_line' id='line_1_27' title="bbox 233 2217 2450 2301; baseline 0 -16"><span class='ocrx_word' id='word_1_209' title='bbox 233 2222 432 2297; x_wconf 81' lang='lat' dir='ltr'>dices,</span> <span class='ocrx_word' id='word_1_210' title='bbox 494 2242 622 2284; x_wconf 89' lang='lat' dir='ltr'>non</span> <span class='ocrx_word' id='word_1_211' title='bbox 669 2220 890 2284; x_wconf 87' lang='lat' dir='ltr'>abduci</span> <span class='ocrx_word' id='word_1_212' title='bbox 937 2222 1013 2283; x_wconf 83' lang='lat' dir='ltr'>ab</span> <span class='ocrx_word' id='word_1_213' title='bbox 1040 2240 1188 2283; x_wconf 87' lang='lat' dir='ltr'>reo:</span> <span class='ocrx_word' id='word_1_214' title='bbox 1232 2240 1348 2283; x_wconf 85' lang='lat' dir='ltr'>nec</span> <span class='ocrx_word' id='word_1_215' title='bbox 1385 2239 1546 2301; x_wconf 83' lang='lat' dir='ltr'>quos</span> <span class='ocrx_word' id='word_1_216' title='bbox 1598 2218 1839 2283; x_wconf 85' lang='lat' dir='ltr'>aculeos</span> <span class='ocrx_word' id='word_1_217' title='bbox 1898 2217 2117 2281; x_wconf 87' lang='lat' dir='ltr'>habeat</span> <span class='ocrx_word' id='word_1_218' title='bbox 2169 2217 2450 2285; x_wconf 79' lang='lat' dir='ltr'>severitas</span> 
     </span>
     <span class='ocr_line' id='line_1_28' title="bbox 226 2306 2451 2412; baseline 0 -40"><span class='ocrx_word' id='word_1_219' title='bbox 226 2307 619 2412; x_wconf 72' lang='lat' dir='ltr'>gravitasque</span> <span class='ocrx_word' id='word_1_220' title='bbox 646 2307 864 2383; x_wconf 83' lang='lat' dir='ltr'>vestra,</span> <span class='ocrx_word' id='word_1_221' title='bbox 909 2328 1052 2371; x_wconf 90' lang='lat' dir='ltr'>cum</span> <span class='ocrx_word' id='word_1_222' title='bbox 1094 2327 1205 2372; x_wconf 83' lang='lat' dir='ltr'>eos</span> <span class='ocrx_word' id='word_1_223' title='bbox 1235 2306 1543 2373; x_wconf 82' lang='lat' dir='ltr'>accusator</span> <span class='ocrx_word' id='word_1_224' title='bbox 1573 2311 1605 2356; x_wconf 81' lang='lat' dir='ltr'>h</span> <span class='ocrx_word' id='word_1_225' title='bbox 1637 2306 1894 2370; x_wconf 83' lang='lat' dir='ltr'>erexerit</span> <span class='ocrx_word' id='word_1_226' title='bbox 1913 2306 1976 2369; x_wconf 88' lang='lat' dir='ltr'>in</span> <span class='ocrx_word' id='word_1_227' title='bbox 1994 2327 2148 2381; x_wconf 75' lang='lat' dir='ltr'>nem,</span> <span class='ocrx_word' id='word_1_228' title='bbox 2193 2306 2258 2370; x_wconf 87' lang='lat' dir='ltr'>in</span> <span class='ocrx_word' id='word_1_229' title='bbox 2282 2307 2451 2387; x_wconf 67' lang='lat' dir='ltr'>vitia,</span> 
     </span>
     <span class='ocr_line' id='line_1_29' title="bbox 224 2394 2453 2480; baseline 0.002 -21"><span class='ocrx_word' id='word_1_230' title='bbox 224 2419 300 2460; x_wconf 82' lang='lat' dir='ltr'>m</span> <span class='ocrx_word' id='word_1_231' title='bbox 324 2417 572 2474; x_wconf 76' lang='lat' dir='ltr'>mores,</span> <span class='ocrx_word' id='word_1_232' title='bbox 600 2400 660 2458; x_wconf 90' lang='lat' dir='ltr'>in</span> <span class='ocrx_word' id='word_1_233' title='bbox 710 2409 1008 2480; x_wconf 86' lang='lat' dir='ltr'>tempora,</span> <span class='ocrx_word' id='word_1_234' title='bbox 1063 2396 1340 2458; x_wconf 85' lang='lat' dir='ltr'>emittere</span> <span class='ocrx_word' id='word_1_235' title='bbox 1384 2395 1451 2457; x_wconf 87' lang='lat' dir='ltr'>in</span> <span class='ocrx_word' id='word_1_236' title='bbox 1501 2395 1831 2470; x_wconf 86' lang='lat' dir='ltr'>hominem,</span> <span class='ocrx_word' id='word_1_237' title='bbox 1876 2394 2024 2461; x_wconf 87' lang='lat' dir='ltr'>etin</span> <span class='ocrx_word' id='word_1_238' title='bbox 2043 2415 2262 2458; x_wconf 87' lang='lat' dir='ltr'>reum:</span> <span class='ocrx_word' id='word_1_239' title='bbox 2308 2417 2453 2463; x_wconf 86' lang='lat' dir='ltr'>cum</span> 
     </span>
     <span class='ocr_line' id='line_1_30' title="bbox 229 2482 2450 2565; baseline -0 -18"><span class='ocrx_word' id='word_1_240' title='bbox 229 2486 282 2549; x_wconf 86' lang='lat' dir='ltr'>is</span> <span class='ocrx_word' id='word_1_241' title='bbox 311 2506 442 2547; x_wconf 85' lang='lat' dir='ltr'>non</span> <span class='ocrx_word' id='word_1_242' title='bbox 494 2482 597 2548; x_wconf 88' lang='lat' dir='ltr'>suo</span> <span class='ocrx_word' id='word_1_243' title='bbox 623 2483 900 2559; x_wconf 86' lang='lat' dir='ltr'>crimine,</span> <span class='ocrx_word' id='word_1_244' title='bbox 946 2482 1048 2546; x_wconf 87' lang='lat' dir='ltr'>sed</span> <span class='ocrx_word' id='word_1_245' title='bbox 1088 2485 1421 2547; x_wconf 86' lang='lat' dir='ltr'>multorum</span> <span class='ocrx_word' id='word_1_246' title='bbox 1461 2483 1612 2548; x_wconf 80' lang='lat' dir='ltr'>vitio</span> <span class='ocrx_word' id='word_1_247' title='bbox 1660 2482 1820 2545; x_wconf 78' lang='lat' dir='ltr'>sitin</span> <span class='ocrx_word' id='word_1_248' title='bbox 1872 2484 2183 2565; x_wconf 82' lang='lat' dir='ltr'>quoddam</span> <span class='ocrx_word' id='word_1_249' title='bbox 2234 2485 2450 2547; x_wconf 82' lang='lat' dir='ltr'>odium</span> 
     </span>
    </p>
   </div>
   <div class='ocr_carea' id='block_1_16' title="bbox 230 2572 830 2660">
    <p class='ocr_par' dir='ltr' id='par_1_16' title="bbox 230 2572 830 2660">
     <span class='ocr_line' id='line_1_31' title="bbox 230 2572 830 2660; baseline -0.003 -23"><span class='ocrx_word' id='word_1_250' title='bbox 230 2572 533 2660; x_wconf 84' lang='lat' dir='ltr'>injustum</span> <span class='ocrx_word' id='word_1_251' title='bbox 561 2587 830 2636; x_wconf 81' lang='lat' dir='ltr'>vocatus.</span> 
     </span>
    </p>
   </div>
   <div class='ocr_carea' id='block_1_17' title="bbox 924 2568 2567 2655">
    <p class='ocr_par' dir='ltr' id='par_1_17' title="bbox 924 2568 2567 2655">
     <span class='ocr_line' id='line_1_32' title="bbox 924 2568 2567 2655; baseline 0.002 -24"><span class='ocrx_word' id='word_1_252' title='bbox 924 2568 1138 2655; x_wconf 83' lang='lat' dir='ltr'>Itaque</span> <span class='ocrx_word' id='word_1_253' title='bbox 1169 2570 1465 2634; x_wconf 77' lang='lat' dir='ltr'>severitati</span> <span class='ocrx_word' id='word_1_254' title='bbox 1497 2584 1643 2646; x_wconf 70' lang='lat' dir='ltr'>tuae,</span> <span class='ocrx_word' id='word_1_255' title='bbox 1687 2582 2049 2653; x_wconf 79' lang='lat' dir='ltr'>ut&#39;oportet,</span> <span class='ocrx_word' id='word_1_256' title='bbox 2094 2568 2177 2631; x_wconf 83' lang='lat' dir='ltr'>ita</span> <span class='ocrx_word' id='word_1_257' title='bbox 2205 2568 2567 2652; x_wconf 75' lang='lat' dir='ltr'>respon-80⁶</span> 
     </span>
    </p>
   </div>
   <div class='ocr_carea' id='block_1_18' title="bbox 228 2656 2532 3094">
    <p class='ocr_par' dir='ltr' id='par_1_18' title="bbox 228 2656 2532 3094">
     <span class='ocr_line' id='line_1_33' title="bbox 232 2656 2455 2742; baseline -0.001 -18"><span class='ocrx_word' id='word_1_258' title='bbox 232 2661 378 2725; x_wconf 88' lang='lat' dir='ltr'>dere</span> <span class='ocrx_word' id='word_1_259' title='bbox 401 2681 529 2724; x_wconf 89' lang='lat' dir='ltr'>non</span> <span class='ocrx_word' id='word_1_260' title='bbox 550 2662 749 2725; x_wconf 86' lang='lat' dir='ltr'>audeo</span> <span class='ocrx_word' id='word_1_261' title='bbox 779 2685 794 2724; x_wconf 91' lang='lat'>:</span> <span class='ocrx_word' id='word_1_262' title='bbox 846 2674 974 2723; x_wconf 83' lang='lat' dir='ltr'>erat</span> <span class='ocrx_word' id='word_1_263' title='bbox 998 2659 1168 2723; x_wconf 85' lang='lat' dir='ltr'>enim</span> <span class='ocrx_word' id='word_1_264' title='bbox 1198 2678 1409 2723; x_wconf 82' lang='lat' dir='ltr'>meum</span> <span class='ocrx_word' id='word_1_265' title='bbox 1439 2658 1747 2742; x_wconf 85' lang='lat' dir='ltr'>deprecari</span> <span class='ocrx_word' id='word_1_266' title='bbox 1809 2679 1817 2699; x_wconf 89' lang='lat'>·</span> <span class='ocrx_word' id='word_1_267' title='bbox 1842 2656 2221 2721; x_wconf 84' lang='lat' dir='ltr'>vacationem</span> <span class='ocrx_word' id='word_1_268' title='bbox 2244 2657 2455 2722; x_wconf 80' lang='lat' dir='ltr'>adole-</span> 
     </span>
     <span class='ocr_line' id='line_1_34' title="bbox 232 2744 2457 2832; baseline -0 -22"><span class='ocrx_word' id='word_1_269' title='bbox 232 2746 506 2824; x_wconf 83' lang='lat' dir='ltr'>scentiae,</span> <span class='ocrx_word' id='word_1_270' title='bbox 549 2748 917 2830; x_wconf 84' lang='lat' dir='ltr'>veniamque</span> <span class='ocrx_word' id='word_1_271' title='bbox 946 2752 1197 2832; x_wconf 69' lang='lat' dir='ltr'>petere:</span> <span class='ocrx_word' id='word_1_272' title='bbox 1242 2768 1389 2820; x_wconf 88' lang='lat' dir='ltr'>non,</span> <span class='ocrx_word' id='word_1_273' title='bbox 1422 2745 1696 2827; x_wconf 87' lang='lat' dir='ltr'>inquam,</span> <span class='ocrx_word' id='word_1_274' title='bbox 1741 2746 1974 2808; x_wconf 83' lang='lat' dir='ltr'>audeo:</span> <span class='ocrx_word' id='word_1_275' title='bbox 2019 2744 2457 2828; x_wconf 67' lang='lat' dir='ltr'>petsugiisnon</span> 
     </span>
     <span class='ocr_line' id='line_1_35' title="bbox 232 2834 2456 2918; baseline -0.001 -19"><span class='ocrx_word' id='word_1_276' title='bbox 232 2857 374 2899; x_wconf 84' lang='lat' dir='ltr'>utor</span> <span class='ocrx_word' id='word_1_277' title='bbox 405 2837 645 2900; x_wconf 78' lang='lat' dir='ltr'>aetatis:</span> <span class='ocrx_word' id='word_1_278' title='bbox 687 2835 963 2899; x_wconf 82' lang='lat' dir='ltr'>conceffa</span> <span class='ocrx_word' id='word_1_279' title='bbox 988 2834 1278 2897; x_wconf 80' lang='lat' dir='ltr'>omnibus</span> <span class='ocrx_word' id='word_1_280' title='bbox 1302 2835 1436 2918; x_wconf 87' lang='lat' dir='ltr'>jura</span> <span class='ocrx_word' id='word_1_281' title='bbox 1465 2834 1751 2896; x_wconf 81' lang='lat' dir='ltr'>dimitto:</span> <span class='ocrx_word' id='word_1_282' title='bbox 1821 2845 2088 2906; x_wconf 86' lang='lat' dir='ltr'>tantum,</span> <span class='ocrx_word' id='word_1_283' title='bbox 2131 2847 2300 2914; x_wconf 87' lang='lat' dir='ltr'>peto,</span> <span class='ocrx_word' id='word_1_284' title='bbox 2366 2847 2456 2910; x_wconf 88' lang='lat' dir='ltr'>ut,</span> 
     </span>
     <span class='ocr_line' id='line_1_36' title="bbox 228 2918 2457 3007; baseline -0.001 -21"><span class='ocrx_word' id='word_1_285' title='bbox 228 2923 273 2986; x_wconf 87' lang='lat' dir='ltr'>fi</span> <span class='ocrx_word' id='word_1_286' title='bbox 295 2945 421 3007; x_wconf 84' lang='lat' dir='ltr'>qua</span> <span class='ocrx_word' id='word_1_287' title='bbox 472 2922 560 2985; x_wconf 85' lang='lat' dir='ltr'>est</span> <span class='ocrx_word' id='word_1_288' title='bbox 604 2923 824 2985; x_wconf 79' lang='lat' dir='ltr'>invidia</span> <span class='ocrx_word' id='word_1_289' title='bbox 873 2922 1220 2983; x_wconf 85' lang='lat' dir='ltr'>communis</span> <span class='ocrx_word' id='word_1_290' title='bbox 1269 2921 1389 2983; x_wconf 80' lang='lat' dir='ltr'>hoc</span> <span class='ocrx_word' id='word_1_291' title='bbox 1418 2935 1690 3000; x_wconf 82' lang='lat' dir='ltr'>tempore</span> <span class='ocrx_word' id='word_1_292' title='bbox 1735 2923 1870 2983; x_wconf 78' lang='lat' dir='ltr'>oeris</span> <span class='ocrx_word' id='word_1_293' title='bbox 1911 2918 2116 2995; x_wconf 77' lang='lat' dir='ltr'>alieni,</span> <span class='ocrx_word' id='word_1_294' title='bbox 2185 2922 2457 3001; x_wconf 77' lang='lat' dir='ltr'>petulan-</span> 
     </span>
     <span class='ocr_line' id='line_1_37' title="bbox 230 3006 2532 3094; baseline 0 -21"><span class='ocrx_word' id='word_1_295' title='bbox 230 3012 367 3087; x_wconf 79' lang='lat' dir='ltr'>tiae,</span> <span class='ocrx_word' id='word_1_296' title='bbox 411 3008 732 3074; x_wconf 81' lang='lat' dir='ltr'>libidinum</span> <span class='ocrx_word' id='word_1_297' title='bbox 777 3012 1139 3094; x_wconf 82' lang='lat' dir='ltr'>juventutis,</span> <span class='ocrx_word' id='word_1_298' title='bbox 1184 3028 1335 3089; x_wconf 84' lang='lat' dir='ltr'>quas</span> <span class='ocrx_word' id='word_1_299' title='bbox 1389 3007 1565 3070; x_wconf 82' lang='lat' dir='ltr'>video</span> <span class='ocrx_word' id='word_1_300' title='bbox 1611 3006 1733 3070; x_wconf 75' lang='lat' dir='ltr'>effe</span> <span class='ocrx_word' id='word_1_301' title='bbox 1761 3024 2033 3093; x_wconf 82' lang='lat' dir='ltr'>magnas,</span> <span class='ocrx_word' id='word_1_302' title='bbox 2092 3026 2171 3070; x_wconf 88' lang='lat' dir='ltr'>ne</span> <span class='ocrx_word' id='word_1_303' title='bbox 2199 3007 2343 3072; x_wconf 84' lang='lat' dir='ltr'>huic</span> <span class='ocrx_word' id='word_1_304' title='bbox 2373 3015 2532 3073; x_wconf 75' lang='lat'>2-85</span> 
     </span>
    </p>
   </div>
   <div class='ocr_carea' id='block_1_19' title="bbox 321 3200 2453 3291">
    <p class='ocr_par' dir='ltr' id='par_1_19' title="bbox 321 3200 2453 3291">
     <span class='ocr_line' id='line_1_38' title="bbox 321 3200 2453 3291; baseline 0.001 -24"><span class='ocrx_word' id='word_1_305' title='bbox 321 3222 350 3255; x_wconf 82' lang='lat' dir='ltr'>e</span> <span class='ocrx_word' id='word_1_306' title='bbox 386 3205 687 3267; x_wconf 81' lang='lat' dir='ltr'>vitaverit.</span> <span class='ocrx_word' id='word_1_307' title='bbox 748 3208 779 3255; x_wconf 80' lang='lat' dir='ltr'>f</span> <span class='ocrx_word' id='word_1_308' title='bbox 798 3205 1188 3267; x_wconf 74' lang='lat' dir='ltr'>contaminent.</span> <span class='ocrx_word' id='word_1_309' title='bbox 1235 3221 1267 3266; x_wconf 72' lang='grc' dir='ltr'><strong>ε</strong></span> <span class='ocrx_word' id='word_1_310' title='bbox 1290 3218 1524 3288; x_wconf 75' lang='lat' dir='ltr'>parare.</span> <span class='ocrx_word' id='word_1_311' title='bbox 1569 3202 1604 3247; x_wconf 68' lang='grc' dir='ltr'>Ι·</span> <span class='ocrx_word' id='word_1_312' title='bbox 1635 3200 1910 3291; x_wconf 65' lang='lat' dir='ltr'>dfixerit.</span> <span class='ocrx_word' id='word_1_313' title='bbox 1975 3204 1993 3252; x_wconf 79' lang='lat' dir='ltr'>i</span> <span class='ocrx_word' id='word_1_314' title='bbox 2025 3208 2453 3271; x_wconf 76' lang='lat' dir='ltr'>immunitatem.</span> 
     </span>
    </p>
   </div>
   <div class='ocr_carea' id='block_1_20' title="bbox 238 3416 1376 4465">
    <p class='ocr_par' dir='ltr' id='par_1_20' title="bbox 238 3416 1362 3673">
     <span class='ocr_line' id='line_1_39' title="bbox 300 3416 1361 3481; baseline -0.003 -12"><span class='ocrx_word' id='word_1_315' title='bbox 300 3422 378 3469; x_wconf 80' lang='lat'>56.</span> <span class='ocrx_word' id='word_1_316' title='bbox 420 3416 622 3467; x_wconf 77' lang='lat' dir='ltr'>Frustra</span> <span class='ocrx_word' id='word_1_317' title='bbox 687 3417 994 3481; x_wconf 65' lang='lat' dir='ltr'>litigantem]</span> <span class='ocrx_word' id='word_1_318' title='bbox 1038 3419 1176 3478; x_wconf 72' lang='lat' dir='ltr'>Saepe</span> <span class='ocrx_word' id='word_1_319' title='bbox 1211 3432 1361 3467; x_wconf 81' lang='lat' dir='ltr'>causa</span> 
     </span>
     <span class='ocr_line' id='line_1_40' title="bbox 239 3483 1361 3540; baseline 0.002 -11"><span class='ocrx_word' id='word_1_320' title='bbox 239 3484 489 3533; x_wconf 74' lang='lat' dir='ltr'>ceciderat</span> <span class='ocrx_word' id='word_1_321' title='bbox 506 3484 722 3540; x_wconf 72' lang='lat' dir='ltr'>Clodius,</span> <span class='ocrx_word' id='word_1_322' title='bbox 739 3483 1079 3532; x_wconf 77' lang='lat' dir='ltr'>immovidetm·</span> <span class='ocrx_word' id='word_1_323' title='bbox 1099 3484 1274 3532; x_wconf 83' lang='lat' dir='ltr'>Cicero</span> <span class='ocrx_word' id='word_1_324' title='bbox 1290 3486 1361 3531; x_wconf 77' lang='lat' dir='ltr'>la-</span> 
     </span>
     <span class='ocr_line' id='line_1_41' title="bbox 241 3547 1362 3611; baseline 0.003 -18"><span class='ocrx_word' id='word_1_325' title='bbox 241 3555 402 3597; x_wconf 83' lang='lat' dir='ltr'>tenter</span> <span class='ocrx_word' id='word_1_326' title='bbox 416 3548 642 3597; x_wconf 81' lang='lat' dir='ltr'>indicare</span> <span class='ocrx_word' id='word_1_327' title='bbox 661 3547 1079 3611; x_wconf 66' lang='lat' dir='ltr'>prevaricationis</span> <span class='ocrx_word' id='word_1_328' title='bbox 1094 3549 1237 3597; x_wconf 64' lang='lat' dir='ltr'>fluisse</span> <span class='ocrx_word' id='word_1_329' title='bbox 1256 3563 1362 3596; x_wconf 82' lang='lat' dir='ltr'>sus-</span> 
     </span>
     <span class='ocr_line' id='line_1_42' title="bbox 238 3625 455 3673; baseline -0.018 -8"><span class='ocrx_word' id='word_1_330' title='bbox 238 3625 455 3673; x_wconf 71' lang='lat' dir='ltr'>nectum.</span> 
     </span>
    </p>

    <p class='ocr_par' dir='ltr' id='par_1_21' title="bbox 240 3675 1376 4112">
     <span class='ocr_line' id='line_1_43' title="bbox 304 3675 1362 3740; baseline 0.002 -14"><span class='ocrx_word' id='word_1_331' title='bbox 304 3680 383 3730; x_wconf 79' lang='lat'>⁵7.</span> <span class='ocrx_word' id='word_1_332' title='bbox 406 3676 622 3727; x_wconf 63' lang='lat' dir='ltr'>Primum</span> <span class='ocrx_word' id='word_1_333' title='bbox 664 3675 911 3737; x_wconf 60' lang='lat' dir='ltr'>precaria]</span> <span class='ocrx_word' id='word_1_334' title='bbox 966 3678 1243 3740; x_wconf 77' lang='lat' dir='ltr'>Respondet</span> <span class='ocrx_word' id='word_1_335' title='bbox 1252 3677 1362 3739; x_wconf 67' lang='lat' dir='ltr'>jam</span> 
     </span>
     <span class='ocr_line' id='line_1_44' title="bbox 246 3743 1365 3801; baseline 0 -10"><span class='ocrx_word' id='word_1_336' title='bbox 246 3743 399 3793; x_wconf 82' lang='lat' dir='ltr'>Balbo</span> <span class='ocrx_word' id='word_1_337' title='bbox 420 3743 564 3793; x_wconf 80' lang='lat' dir='ltr'>alteri</span> <span class='ocrx_word' id='word_1_338' title='bbox 585 3744 880 3801; x_wconf 73' lang='lat' dir='ltr'>accusatori,</span> <span class='ocrx_word' id='word_1_339' title='bbox 904 3746 1109 3792; x_wconf 84' lang='lat' dir='ltr'>cuicum</span> <span class='ocrx_word' id='word_1_340' title='bbox 1123 3746 1249 3792; x_wconf 85' lang='lat' dir='ltr'>bona</span> <span class='ocrx_word' id='word_1_341' title='bbox 1260 3743 1365 3800; x_wconf 74' lang='lat' dir='ltr'>eius</span> 
     </span>
     <span class='ocr_line' id='line_1_45' title="bbox 244 3808 1013 3869; baseline 0.008 -18"><span class='ocrx_word' id='word_1_342' title='bbox 244 3820 386 3859; x_wconf 71' lang='lat' dir='ltr'>venia</span> <span class='ocrx_word' id='word_1_343' title='bbox 406 3823 458 3858; x_wconf 78' lang='lat' dir='ltr'>se</span> <span class='ocrx_word' id='word_1_344' title='bbox 502 3822 845 3869; x_wconf 78' lang='lat' dir='ltr'>responsurum</span> <span class='ocrx_word' id='word_1_345' title='bbox 875 3808 1013 3857; x_wconf 84' lang='lat' dir='ltr'>dicit.</span> 
     </span>
     <span class='ocr_line' id='line_1_46' title="bbox 240 3870 1376 3935; baseline -0.001 -14"><span class='ocrx_word' id='word_1_346' title='bbox 240 3901 248 3905; x_wconf 91' lang='lat'>-</span> <span class='ocrx_word' id='word_1_347' title='bbox 307 3876 390 3923; x_wconf 74' lang='lat'>58.</span> <span class='ocrx_word' id='word_1_348' title='bbox 461 3870 709 3933; x_wconf 67' lang='lat' dir='ltr'>Unguenta</span> <span class='ocrx_word' id='word_1_349' title='bbox 767 3874 1051 3935; x_wconf 78' lang='lat' dir='ltr'>sumpserit.]</span> <span class='ocrx_word' id='word_1_350' title='bbox 1104 3876 1376 3933; x_wconf 70' lang='lat' dir='ltr'>Unguenta</span> 
     </span>
     <span class='ocr_line' id='line_1_47' title="bbox 247 3936 1369 3998; baseline 0 -15"><span class='ocrx_word' id='word_1_351' title='bbox 247 3936 421 3985; x_wconf 70' lang='lat' dir='ltr'>odores</span> <span class='ocrx_word' id='word_1_352' title='bbox 475 3944 608 3995; x_wconf 80' lang='lat' dir='ltr'>sunt,</span> <span class='ocrx_word' id='word_1_353' title='bbox 662 3938 841 3998; x_wconf 81' lang='lat' dir='ltr'>quibus</span> <span class='ocrx_word' id='word_1_354' title='bbox 882 3938 1095 3986; x_wconf 71' lang='lat' dir='ltr'>deliciosi</span> <span class='ocrx_word' id='word_1_355' title='bbox 1148 3938 1369 3985; x_wconf 80' lang='lat' dir='ltr'>homines</span> 
     </span>
     <span class='ocr_line' id='line_1_48' title="bbox 250 4002 1373 4112; baseline 0.001 -64"><span class='ocrx_word' id='word_1_356' title='bbox 250 4003 525 4112; x_wconf 41' lang='lat' dir='ltr'>{tebantun</span> <span class='ocrx_word' id='word_1_357' title='bbox 584 4002 643 4051; x_wconf 86' lang='lat' dir='ltr'>ld</span> <span class='ocrx_word' id='word_1_358' title='bbox 684 4007 850 4051; x_wconf 84' lang='lat' dir='ltr'>autem</span> <span class='ocrx_word' id='word_1_359' title='bbox 871 4004 1106 4063; x_wconf 80' lang='lat' dir='ltr'>arguebat</span> <span class='ocrx_word' id='word_1_360' title='bbox 1127 4005 1178 4051; x_wconf 86' lang='lat' dir='ltr'>in</span> <span class='ocrx_word' id='word_1_361' title='bbox 1216 4004 1373 4052; x_wconf 80' lang='lat' dir='ltr'>Coelio</span> 
     </span>
    </p>

    <p class='ocr_par' dir='ltr' id='par_1_22' title="bbox 299 4067 452 4113">
     <span class='ocr_line' id='line_1_49' title="bbox 299 4067 452 4113; baseline 0.013 -2"><span class='ocrx_word' id='word_1_362' title='bbox 299 4067 452 4113; x_wconf 77' lang='lat' dir='ltr'>albus.</span> 
     </span>
    </p>

    <p class='ocr_par' dir='ltr' id='par_1_23' title="bbox 251 4130 1373 4465">
     <span class='ocr_line' id='line_1_50' title="bbox 325 4130 1372 4192; baseline 0.003 -17"><span class='ocrx_word' id='word_1_363' title='bbox 325 4131 398 4177; x_wconf 85' lang='lat' dir='ltr'>lb.</span> <span class='ocrx_word' id='word_1_364' title='bbox 428 4131 573 4178; x_wconf 75' lang='lat' dir='ltr'>Baias</span> <span class='ocrx_word' id='word_1_365' title='bbox 608 4130 816 4191; x_wconf 50' lang='lat' dir='ltr'>viderim]</span> <span class='ocrx_word' id='word_1_366' title='bbox 856 4132 990 4182; x_wconf 81' lang='lat' dir='ltr'>Baiae</span> <span class='ocrx_word' id='word_1_367' title='bbox 1029 4146 1165 4192; x_wconf 74' lang='lat' dir='ltr'>aquae</span> <span class='ocrx_word' id='word_1_368' title='bbox 1197 4131 1372 4180; x_wconf 77' lang='lat' dir='ltr'>calidae</span> 
     </span>
     <span class='ocr_line' id='line_1_51' title="bbox 252 4194 1373 4254; baseline 0.003 -13"><span class='ocrx_word' id='word_1_369' title='bbox 252 4205 368 4241; x_wconf 78' lang='lat' dir='ltr'>sunt</span> <span class='ocrx_word' id='word_1_370' title='bbox 392 4194 443 4240; x_wconf 89' lang='lat' dir='ltr'>in</span> <span class='ocrx_word' id='word_1_371' title='bbox 468 4196 739 4254; x_wconf 75' lang='lat' dir='ltr'>Campania</span> <span class='ocrx_word' id='word_1_372' title='bbox 754 4198 986 4245; x_wconf 79' lang='lat' dir='ltr'>Puteolos</span> <span class='ocrx_word' id='word_1_373' title='bbox 1005 4200 1130 4246; x_wconf 78' lang='lat' dir='ltr'>inter</span> <span class='ocrx_word' id='word_1_374' title='bbox 1147 4203 1201 4243; x_wconf 71' lang='lat' dir='ltr'>et</span> <span class='ocrx_word' id='word_1_375' title='bbox 1222 4195 1373 4246; x_wconf 82' lang='lat' dir='ltr'>Mise-</span> 
     </span>
     <span class='ocr_line' id='line_1_52' title="bbox 253 4263 1366 4324; baseline 0.004 -18"><span class='ocrx_word' id='word_1_376' title='bbox 253 4274 387 4317; x_wconf 86' lang='lat' dir='ltr'>num,</span> <span class='ocrx_word' id='word_1_377' title='bbox 424 4266 531 4306; x_wconf 80' lang='lat' dir='ltr'>tam</span> <span class='ocrx_word' id='word_1_378' title='bbox 548 4267 832 4319; x_wconf 76' lang='lat' dir='ltr'>opportunae</span> <span class='ocrx_word' id='word_1_379' title='bbox 845 4263 1179 4323; x_wconf 80' lang='lat' dir='ltr'>voluptatibus</span> <span class='ocrx_word' id='word_1_380' title='bbox 1195 4275 1366 4324; x_wconf 81' lang='lat' dir='ltr'>corpo·</span> 
     </span>
     <span class='ocr_line' id='line_1_53' title="bbox 251 4321 1029 4386; baseline 0.006 -16"><span class='ocrx_word' id='word_1_381' title='bbox 251 4324 314 4370; x_wconf 82' lang='lat' dir='ltr'>ris</span> <span class='ocrx_word' id='word_1_382' title='bbox 346 4338 495 4386; x_wconf 83' lang='lat' dir='ltr'>quarn</span> <span class='ocrx_word' id='word_1_383' title='bbox 535 4321 713 4370; x_wconf 72' lang='lat' dir='ltr'>morbis</span> <span class='ocrx_word' id='word_1_384' title='bbox 730 4325 1029 4384; x_wconf 73' lang='lat' dir='ltr'>depellendis</span> 
     </span>
     <span class='ocr_line' id='line_1_54' title="bbox 318 4387 1368 4465; baseline 0.007 -30"><span class='ocrx_word' id='word_1_385' title='bbox 318 4391 396 4437; x_wconf 76' lang='lat'>66.</span> <span class='ocrx_word' id='word_1_386' title='bbox 433 4387 721 4438; x_wconf 72' lang='lat' dir='ltr'>Primore&#39;buae</span> <span class='ocrx_word' id='word_1_387' title='bbox 747 4389 890 4440; x_wconf 74' lang='lat' dir='ltr'>labris</span> <span class='ocrx_word' id='word_1_388' title='bbox 915 4389 1215 4465; x_wconf 56' lang='lat' dir='ltr'>gudesteum]</span> <span class='ocrx_word' id='word_1_389' title='bbox 1248 4393 1368 4442; x_wconf 85' lang='lat' dir='ltr'>Pro-</span> 
     </span>
    </p>
   </div>
   <div class='ocr_carea' id='block_1_21' title="bbox 1423 3416 2557 4444">
    <p class='ocr_par' dir='ltr' id='par_1_24' title="bbox 1424 3416 2549 3599">
     <span class='ocr_line' id='line_1_55' title="bbox 1424 3416 2549 3482; baseline 0.005 -18"><span class='ocrx_word' id='word_1_390' title='bbox 1424 3416 1647 3466; x_wconf 69' lang='lat' dir='ltr'>verbi-:m</span> <span class='ocrx_word' id='word_1_391' title='bbox 1667 3424 1743 3465; x_wconf 75' lang='lat' dir='ltr'>est</span> <span class='ocrx_word' id='word_1_392' title='bbox 1756 3418 1957 3468; x_wconf 79' lang='lat' dir='ltr'>ductum</span> <span class='ocrx_word' id='word_1_393' title='bbox 1982 3420 2046 3467; x_wconf 87' lang='lat' dir='ltr'>ab</span> <span class='ocrx_word' id='word_1_394' title='bbox 2082 3419 2142 3467; x_wconf 81' lang='lat' dir='ltr'>iis</span> <span class='ocrx_word' id='word_1_395' title='bbox 2161 3419 2246 3482; x_wconf 87' lang='lat' dir='ltr'>qui</span> <span class='ocrx_word' id='word_1_396' title='bbox 2271 3420 2436 3470; x_wconf 82' lang='lat' dir='ltr'>cibum</span> <span class='ocrx_word' id='word_1_397' title='bbox 2457 3427 2549 3470; x_wconf 79' lang='lat' dir='ltr'>aut</span> 
     </span>
     <span class='ocr_line' id='line_1_56' title="bbox 1424 3484 2547 3544; baseline 0.004 -14"><span class='ocrx_word' id='word_1_398' title='bbox 1424 3489 1596 3544; x_wconf 54' lang='lat' dir='ltr'>pann</span> <span class='ocrx_word' id='word_1_399' title='bbox 1637 3484 1861 3531; x_wconf 78' lang='lat' dir='ltr'>tenuitur</span> <span class='ocrx_word' id='word_1_400' title='bbox 1902 3486 2184 3543; x_wconf 76' lang='lat' dir='ltr'>degustant,</span> <span class='ocrx_word' id='word_1_401' title='bbox 2219 3484 2340 3535; x_wconf 85' lang='lat' dir='ltr'>nibil</span> <span class='ocrx_word' id='word_1_402' title='bbox 2362 3485 2476 3534; x_wconf 76' lang='lat' dir='ltr'>inde</span> <span class='ocrx_word' id='word_1_403' title='bbox 2496 3487 2547 3535; x_wconf 81' lang='lat' dir='ltr'>in</span> 
     </span>
     <span class='ocr_line' id='line_1_57' title="bbox 1425 3549 2158 3599; baseline 0.007 -5"><span class='ocrx_word' id='word_1_404' title='bbox 1425 3549 1732 3597; x_wconf 78' lang='lat' dir='ltr'>stomachum</span> <span class='ocrx_word' id='word_1_405' title='bbox 1753 3553 2158 3599; x_wconf 73' lang='lat' dir='ltr'>transmittentes.</span> 
     </span>
    </p>

    <p class='ocr_par' dir='ltr' id='par_1_25' title="bbox 1423 3613 2550 3739">
     <span class='ocr_line' id='line_1_58' title="bbox 1496 3613 2550 3677; baseline 0.005 -17"><span class='ocrx_word' id='word_1_406' title='bbox 1496 3613 1570 3662; x_wconf 83' lang='lat' dir='ltr'>lb.</span> <span class='ocrx_word' id='word_1_407' title='bbox 1600 3613 1840 3662; x_wconf 60' lang='lat' dir='ltr'>Extrema}</span> <span class='ocrx_word' id='word_1_408' title='bbox 1860 3614 2060 3677; x_wconf 45' lang='lat' dir='ltr'>digitis]</span> <span class='ocrx_word' id='word_1_409' title='bbox 2084 3614 2405 3664; x_wconf 71' lang='lat' dir='ltr'>Proverbiun</span> <span class='ocrx_word' id='word_1_410' title='bbox 2420 3614 2550 3676; x_wconf 59' lang='lat' dir='ltr'>eius-</span> 
     </span>
     <span class='ocr_line' id='line_1_59' title="bbox 1423 3677 2352 3739; baseline 0.002 -13"><span class='ocrx_word' id='word_1_411' title='bbox 1423 3677 1538 3726; x_wconf 78' lang='lat' dir='ltr'>dem</span> <span class='ocrx_word' id='word_1_412' title='bbox 1561 3677 1929 3738; x_wconf 72' lang='lat' dir='ltr'>significationis</span> <span class='ocrx_word' id='word_1_413' title='bbox 1948 3693 2063 3728; x_wconf 84' lang='lat' dir='ltr'>cum</span> <span class='ocrx_word' id='word_1_414' title='bbox 2086 3680 2352 3739; x_wconf 73' lang='lat' dir='ltr'>superiore.</span> 
     </span>
    </p>

    <p class='ocr_par' dir='ltr' id='par_1_26' title="bbox 1431 3742 2557 4193">
     <span class='ocr_line' id='line_1_60' title="bbox 1495 3742 2554 3806; baseline 0.003 -17"><span class='ocrx_word' id='word_1_415' title='bbox 1495 3744 1576 3789; x_wconf 84' lang='lat'>69.</span> <span class='ocrx_word' id='word_1_416' title='bbox 1614 3742 1759 3790; x_wconf 76' lang='lat' dir='ltr'>Omne</span> <span class='ocrx_word' id='word_1_417' title='bbox 1779 3743 1900 3790; x_wconf 76' lang='lat' dir='ltr'>illud</span> <span class='ocrx_word' id='word_1_418' title='bbox 1913 3744 2186 3804; x_wconf 62' lang='lat' dir='ltr'>silentiam]</span> <span class='ocrx_word' id='word_1_419' title='bbox 2209 3744 2421 3794; x_wconf 77' lang='lat' dir='ltr'>Auditus</span> <span class='ocrx_word' id='word_1_420' title='bbox 2444 3744 2554 3806; x_wconf 84' lang='lat' dir='ltr'>qui-</span> 
     </span>
     <span class='ocr_line' id='line_1_61' title="bbox 1431 3806 2553 3870; baseline 0.003 -16"><span class='ocrx_word' id='word_1_421' title='bbox 1431 3807 1548 3855; x_wconf 83' lang='lat' dir='ltr'>dem</span> <span class='ocrx_word' id='word_1_422' title='bbox 1561 3806 1878 3869; x_wconf 61' lang='lat' dir='ltr'>eumenius]</span> <span class='ocrx_word' id='word_1_423' title='bbox 1903 3815 2112 3866; x_wconf 78' lang='lat' dir='ltr'>attente,</span> <span class='ocrx_word' id='word_1_424' title='bbox 2140 3823 2235 3856; x_wconf 88' lang='lat' dir='ltr'>non</span> <span class='ocrx_word' id='word_1_425' title='bbox 2257 3812 2374 3870; x_wconf 80' lang='lat' dir='ltr'>quia</span> <span class='ocrx_word' id='word_1_426' title='bbox 2395 3823 2553 3858; x_wconf 82' lang='lat' dir='ltr'>unum</span> 
     </span>
     <span class='ocr_line' id='line_1_62' title="bbox 1438 3871 2555 3934; baseline 0.002 -15"><span class='ocrx_word' id='word_1_427' title='bbox 1438 3872 1647 3920; x_wconf 81' lang='lat' dir='ltr'>Coeliurn</span> <span class='ocrx_word' id='word_1_428' title='bbox 1664 3871 1949 3928; x_wconf 74' lang='lat' dir='ltr'>accusabat,</span> <span class='ocrx_word' id='word_1_429' title='bbox 1971 3872 2055 3921; x_wconf 74' lang='lat' dir='ltr'>sed</span> <span class='ocrx_word' id='word_1_430' title='bbox 2075 3874 2193 3934; x_wconf 77' lang='lat' dir='ltr'>quia</span> <span class='ocrx_word' id='word_1_431' title='bbox 2207 3875 2430 3922; x_wconf 70' lang='lat' dir='ltr'>universe</span> <span class='ocrx_word' id='word_1_432' title='bbox 2444 3886 2555 3921; x_wconf 83' lang='lat' dir='ltr'>cor·</span> 
     </span>
     <span class='ocr_line' id='line_1_63' title="bbox 1431 3934 2556 3996; baseline -0.002 -13"><span class='ocrx_word' id='word_1_433' title='bbox 1431 3941 1602 3996; x_wconf 73' lang='lat' dir='ltr'>ruptos</span> <span class='ocrx_word' id='word_1_434' title='bbox 1632 3934 1903 3996; x_wconf 76' lang='lat' dir='ltr'>juventutis</span> <span class='ocrx_word' id='word_1_435' title='bbox 1925 3952 2084 3986; x_wconf 80' lang='lat' dir='ltr'>mores</span> <span class='ocrx_word' id='word_1_436' title='bbox 2102 3938 2322 3986; x_wconf 79' lang='lat' dir='ltr'>oratione</span> <span class='ocrx_word' id='word_1_437' title='bbox 2345 3951 2435 3985; x_wconf 77' lang='lat' dir='ltr'>sua</span> <span class='ocrx_word' id='word_1_438' title='bbox 2463 3934 2556 3982; x_wconf 82' lang='lat' dir='ltr'>de-</span> 
     </span>
     <span class='ocr_line' id='line_1_64' title="bbox 1436 4000 2557 4053; baseline 0 -4"><span class='ocrx_word' id='word_1_439' title='bbox 1436 4000 1700 4052; x_wconf 75' lang='lat' dir='ltr'>scribebat.</span> <span class='ocrx_word' id='word_1_440' title='bbox 1759 4002 1892 4050; x_wconf 82' lang='lat' dir='ltr'>Hinc</span> <span class='ocrx_word' id='word_1_441' title='bbox 1935 4011 2106 4052; x_wconf 79' lang='lat' dir='ltr'>autem</span> <span class='ocrx_word' id='word_1_442' title='bbox 2130 4004 2248 4051; x_wconf 83' lang='lat' dir='ltr'>nibil</span> <span class='ocrx_word' id='word_1_443' title='bbox 2274 4003 2323 4053; x_wconf 77' lang='lat' dir='ltr'>in</span> <span class='ocrx_word' id='word_1_444' title='bbox 2349 4001 2557 4053; x_wconf 73' lang='lat' dir='ltr'>Cenum</span> 
     </span>
     <span class='ocr_line' id='line_1_65' title="bbox 1432 4066 2555 4129; baseline -0.003 -14"><span class='ocrx_word' id='word_1_445' title='bbox 1432 4066 1700 4125; x_wconf 70' lang='lat' dir='ltr'>efficiebat,</span> <span class='ocrx_word' id='word_1_446' title='bbox 1732 4067 1850 4129; x_wconf 73' lang='lat' dir='ltr'>quia</span> <span class='ocrx_word' id='word_1_447' title='bbox 1886 4066 2006 4116; x_wconf 82' lang='lat' dir='ltr'>nibil</span> <span class='ocrx_word' id='word_1_448' title='bbox 2046 4082 2213 4118; x_wconf 80' lang='lat' dir='ltr'>eorum</span> <span class='ocrx_word' id='word_1_449' title='bbox 2237 4070 2287 4115; x_wconf 88' lang='lat' dir='ltr'>in</span> <span class='ocrx_word' id='word_1_450' title='bbox 2321 4078 2383 4113; x_wconf 79' lang='lat' dir='ltr'>eo</span> <span class='ocrx_word' id='word_1_451' title='bbox 2406 4066 2555 4113; x_wconf 72' lang='lat' dir='ltr'>fuisse</span> 
     </span>
     <span class='ocr_line' id='line_1_66' title="bbox 1435 4130 2538 4193; baseline 0.002 -16"><span class='ocrx_word' id='word_1_452' title='bbox 1435 4130 1693 4193; x_wconf 75' lang='lat' dir='ltr'>pmbabat.</span> <span class='ocrx_word' id='word_1_453' title='bbox 2531 4170 2538 4179; x_wconf 91' lang='lat'>.</span> 
     </span>
    </p>

    <p class='ocr_par' dir='ltr' id='par_1_27' title="bbox 1429 4193 2556 4444">
     <span class='ocr_line' id='line_1_67' title="bbox 1503 4193 2555 4257; baseline -0.004 -14"><span class='ocrx_word' id='word_1_454' title='bbox 1503 4198 1582 4245; x_wconf 66' lang='lat'>73.</span> <span class='ocrx_word' id='word_1_455' title='bbox 1643 4194 1720 4245; x_wconf 78' lang='lat' dir='ltr'>De</span> <span class='ocrx_word' id='word_1_456' title='bbox 1776 4196 2093 4257; x_wconf 53' lang='lat' dir='ltr'>perennata]</span> <span class='ocrx_word' id='word_1_457' title='bbox 2176 4193 2386 4242; x_wconf 70' lang='lat' dir='ltr'>Budaena</span> <span class='ocrx_word' id='word_1_458' title='bbox 2424 4196 2555 4243; x_wconf 74' lang='lat' dir='ltr'>hun«-</span> 
     </span>
     <span class='ocr_line' id='line_1_68' title="bbox 1431 4260 2554 4322; baseline -0.002 -12"><span class='ocrx_word' id='word_1_459' title='bbox 1431 4264 1597 4311; x_wconf 83' lang='lat' dir='ltr'>locum</span> <span class='ocrx_word' id='word_1_460' title='bbox 1619 4262 1894 4322; x_wconf 76' lang='lat' dir='ltr'>explicans,</span> <span class='ocrx_word' id='word_1_461' title='bbox 1931 4264 2002 4310; x_wconf 84' lang='lat' dir='ltr'>ait</span> <span class='ocrx_word' id='word_1_462' title='bbox 2024 4266 2279 4321; x_wconf 78' lang='lat' dir='ltr'>potervum</span> <span class='ocrx_word' id='word_1_463' title='bbox 2297 4273 2412 4307; x_wconf 82' lang='lat' dir='ltr'>eum</span> <span class='ocrx_word' id='word_1_464' title='bbox 2433 4260 2554 4321; x_wconf 82' lang='lat' dir='ltr'>dici,</span> 
     </span>
     <span class='ocr_line' id='line_1_69' title="bbox 1433 4326 2556 4389; baseline -0.001 -15"><span class='ocrx_word' id='word_1_465' title='bbox 1433 4327 1514 4388; x_wconf 84' lang='lat' dir='ltr'>qui</span> <span class='ocrx_word' id='word_1_466' title='bbox 1539 4326 1630 4375; x_wconf 71' lang='lat' dir='ltr'>sibi</span> <span class='ocrx_word' id='word_1_467' title='bbox 1653 4326 1786 4377; x_wconf 81' lang='lat' dir='ltr'>circa</span> <span class='ocrx_word' id='word_1_468' title='bbox 1804 4327 2030 4377; x_wconf 80' lang='lat' dir='ltr'>libidines</span> <span class='ocrx_word' id='word_1_469' title='bbox 2050 4332 2326 4387; x_wconf 79' lang='lat' dir='ltr'>temperare</span> <span class='ocrx_word' id='word_1_470' title='bbox 2350 4339 2445 4375; x_wconf 85' lang='lat' dir='ltr'>nou</span> <span class='ocrx_word' id='word_1_471' title='bbox 2469 4342 2556 4389; x_wconf 54' lang='lat' dir='ltr'>po»</span> 
     </span>
     <span class='ocr_line' id='line_1_70' title="bbox 1429 4396 1546 4444; baseline -0.009 -1"><span class='ocrx_word' id='word_1_472' title='bbox 1429 4396 1546 4444; x_wconf 71' lang='lat' dir='ltr'>test.</span> 
     </span>
    </p>
   </div>
  </div>
 </body>
</html>
