2984 4942
810 362 1161 433 oRA‘mo
1189 356 1286 429 1N
1311 364 1397 453 Q:
1424 358 1911 432 omnm.
2335 378 2366 407 ν
2430 340 2528 436 ιε’

201 492 393 571 fitium
431 524 514 568 ne
543 494 689 585 quid
718 504 1034 577 enuncies,
1079 496 1181 562 sed
1212 502 1393 564 etiam
1415 520 1502 563 ne
1524 501 1664 582 quid
1688 500 1944 577 auferas,
1992 488 2512 566 custodiendtisw

201 592 296 657 fis.
386 591 511 655 Sed
557 591 634 653 de
677 586 789 652 isto
832 587 1084 652 custode
1132 600 1267 650 toto
1298 587 1375 650 fic
1417 587 1589 650 vobis
1627 586 1955 653 breviffime
2007 588 2419 671 respondebo:

202 698 331 745 non
354 679 472 742 effe
499 678 617 741 hos
648 676 806 738 tales
854 681 1012 739 viros
1039 675 1474 752 commissuros»,
1536 688 1602 739 ut
1630 676 1708 736 ad
1746 676 1978 740 causam
2001 690 2234 742 tantam
2255 699 2291 740 a
2319 697 2421 741 me

206 766 564 850 susceptam,
611 761 765 828 mihi·
786 765 1096 839 creditam,
1155 761 1457 848 quisquam
1487 760 1867 845 subscriptor,
1914 785 2008 829 me
2036 770 2242 841 invito,
2287 782 2319 817 ο
2350 786 2423 828 a·-

120 927 127 935 ,
205 852 425 936 spirare
458 852 643 935 poffit.
734 849 977 916 Etenim
1026 849 1182 917 fides
1232 870 1370 915 mea
1418 849 1730 915 custodem
1760 851 2054 935 repudiat,
2111 854 2421 939 diligentia

201 939 628 1023 speculatorem
649 937 1026 1003 reformidat.
2260 974 2266 980 ·
2420 945 2511 1006 45

1186 1064 1216 1102 0
1235 1051 1546 1133 pervenire

263 1188 347 1235 40.
384 1183 458 1233 Ne
489 1172 604 1247 quid
623 1180 881 1241 enunties]
920 1177 1001 1231 Ex
1024 1183 1257 1242 consiliis,
1280 1191 1336 1230 et
1399 1192 1473 1231 est
1491 1178 1823 1243 speculatore,
1842 1188 1960 1231 oum
1977 1180 2357 1245 (ideonunquam
2371 1185 2422 1237 'm
2434 1198 2517 1237 me

201 1251 407 1305 amu-etis
427 1249 552 1295 meis
574 1247 627 1295 in
649 1249 878 1294 Verrem.
1398 1246 1629 1296 desuerit.
2183 1252 2190 1257 '

202 1354 213 1365 .
267 1315 349 1363 4⁵.
400 1311 791 1375 Speculatorem]
854 1311 914 1360 Id
950 1316 1042 1371 est,
1077 1316 1175 1364 non
1217 1322 1336 1374 opus

1061 1428 1673 1505 CONFUTATIO.

298 1570 479 1641 XIV.
525 1570 763 1639 Verum
796 1587 867 1638 ut
917 1573 995 1637 ad
1024 1584 1109 1650 te,
1160 1571 1395 1649 Caecili,
1440 1573 1711 1649 redeam,
1758 1586 1932 1657 quam
1964 1575 2158 1637 multa
2186 1588 2248 1639 te
2279 1570 2435 1651 defi-

199 1660 390 1742 ciant,
441 1664 650 1729 vides:
695 1680 878 1746 quam
930 1661 1116 1726 multa
1147 1660 1260 1724 sint
1288 1661 1354 1723 in
1375 1677 1460 1737 te,
1515 1683 1648 1745 quae
1678 1682 1813 1727 reus
1843 1683 2073 1726 nocens
2094 1669 2156 1727 in
2196 1663 2435 1731 accusa-

198 1765 338 1815 tore
367 1751 471 1817 suo
523 1755 715 1832 cupiat
738 1751 876 1826 effe,
932 1748 1204 1831 profecto
1248 1749 1378 1835 jam
1429 1747 1731 1835 intelligis.
1825 1751 1992 1837 Quid
2023 1752 2099 1814 ad
2156 1751 2294 1816 haec
2318 1750 2439 1817 dici

198 1839 403 1923 potest
433 1838 458 1902 ?
504 1859 632 1901 non
661 1843 825 1901 enim
870 1858 1081 1919 quaero
1139 1838 1286 1921 quid
1325 1853 1395 1902 tu
1431 1836 1701 1902 dicturus
1724 1837 1815 1901 fis.
1905 1838 2108 1902 Video
2133 1839 2280 1904 mihi
2309 1858 2437 1903 non

198 1942 293 2004 te,
340 1926 442 1991 sed
476 1926 637 1991 hunc
675 1925 892 1990 librum
922 1923 1039 1987 effe
1061 1922 1498 2006 responsurum,
1542 1945 1725 2008 quem
1767 1928 2030 1989 monitor
2059 1943 2196 1991 tuus
2218 1924 2318 1991 hic
2342 1944 2435 1991 te-
2479 1932 2530 1993 ἃ

204 2028 318 2080 net
346 2039 361 2078 ε
406 2019 529 2099 qui,
562 2014 602 2075 fi
632 2027 697 2076 te
714 2012 884 2076 recte
917 2027 1164 2075 monere
1194 2013 1379 2086 volet,
1425 2010 1696 2075 suadebit
1721 2011 1851 2087 tibi,
1897 2026 1963 2076 ut
1983 2012 2125 2077 hinc
2148 2013 2441 2093 discedas,

211 2123 417 2185 neque
476 2101 628 2164 mihi
656 2100 906 2181 verbum
936 2100 1123 2164 ullum
1175 2098 1551 2183 respondeas.
1663 2098 1832 2185 Quid
1867 2099 2033 2162 enim
2083 2099 2305 2175 dices?
2365 2116 2447 2165 an

215 2191 286 2253 id
316 2189 482 2272 quod
515 2188 780 2263 dictitas,
825 2189 1103 2273 injuriam
1126 2189 1233 2251 tibi
1272 2187 1473 2250 feciffe
1500 2186 1766 2250 Verrem
1799 2185 1825 2250 ?
1873 2184 2204 2265 Arbitror3
2252 2203 2447 2281 neque

206 2282 395 2341 -enim
423 2275 569 2338 esset
615 2274 953 2349 verifimile,
1015 2296 1159 2337 cum
1202 2272 1481 2340 omnibus
1531 2273 1749 2341 Siculis
1803 2273 2032 2338 faceret
2075 2277 2339 2362 injurias,
2381 2290 2447 2341 te

202 2364 301 2432 ilfi
341 2384 536 2427 unum
565 2363 881 2441 eximium,
923 2362 1021 2426 cui
1042 2360 1397 2439 consuleret,
1441 2361 1626 2427 fuifl‘e.
1694 2364 1815 2433 Sed
1840 2369 2045 2430 caeteri
2086 2363 2270 2429 Siculi
2289 2365 2536 2439 ulto-lo

204 2465 356 2518 ⁵rem
388 2450 620 2517 suarum
651 2451 998 2537 injuriarum
1021 2449 1381 2515 invenerunt
1408 2475 1424 2516 ε
1473 2465 1562 2528 tu,
1614 2451 1759 2518 dum
1799 2465 1933 2515 tuas
1955 2453 2201 2540 injurias
2229 2475 2334 2536 per
2360 2468 2451 2532 te,

212 2542 278 2606 id
326 2540 495 2624 quod
525 2560 651 2603 non
696 2553 888 2621 poteS,
919 2538 1187 2622 persequi
1227 2539 1488 2618 conaris,
1535 2538 1599 2602 id
1628 2541 1778 2627 agis,
1823 2554 2183 2606 caeterorum
2221 2558 2455 2623 quoque

214 2628 443 2715 injuria
483 2627 605 2691 sint
631 2627 977 2712 impunitae,
1022 2641 1210 2712 atque
1241 2630 1454 2692 inultae
1485 2653 1503 2692 z
1545 2644 1609 2690 et
1628 2629 1748 2695 hoc
1778 2643 1840 2692 te
1869 2630 2189 2716 praeteriit,
2233 2648 2362 2691 non
2390 2629 2458 2692 id

210 2714 413 2795 solum
458 2714 732 2801 speEtari
771 2714 983 2790 solere,
1072 2716 1139 2779 ui
1185 2716 1424 2794 debeat,
1468 2713 1573 2779 sed
1597 2719 1780 2781 etiam
1806 2717 1981 2794 illud,
2003 2715 2136 2800 ‚qui
2167 2714 2340 2795 poffit
2361 2714 2458 2775 ul-

134 2814 139 2819 ’
212 2802 358 2868 cisci
381 2829 401 2880 3
426 2803 491 2866 in
522 2824 649 2888 quo
667 2818 999 2886 utrumque
1073 2814 1121 2880 t,
1152 2823 1296 2867 eum
1321 2803 1688 2886 superiorem
1710 2796 1834 2866 effe?
1852 2827 1867 2866 ε
1912 2804 1977 2864 in
2016 2820 2144 2883 quo
2172 2801 2548 2878 alterum,15

214 2893 286 2955 in
308 2912 384 2954 eo
413 2912 540 2954 non
570 2892 716 2973 quid
736 2891 788 2955 is
817 2892 987 2964 velit,
1009 2890 1113 2952 sed
1142 2890 1293 2971 quid
1310 2890 1512 2954 facere
1544 2888 1734 2968 possit,
1766 2888 1962 2971 quaeri
1990 2886 2197 2951 solere.
2268 2887 2462 2974 Quod

216 2978 265 3040 fl
297 2977 356 3040 ei
382 2977 762 3060 potiffimum
820 2976 1029 3038 censes
1071 2973 1338 3057 permitti
1383 2987 1660 3056 oportere
1706 2974 2025 3039 accusandi
2069 2974 2486 3059 potestatem,

208 3064 333 3129 'cui
360 3063 691 3129 maximam
724 3059 801 3125 C.
848 3058 1078 3125 Verres
1120 3059 1403 3147 injuriam
1431 3060 1681 3129 fecerit:
1728 3076 1936 3127 utrum
1976 3064 2223 3127 tandem
2251 3062 2461 3128 censes

220 3153 345 3217 hos
376 3149 411 3216 J
419 3150 627 3215 udices
654 3148 898 3252 gravius
930 3147 1089 3213 ferre
1118 3163 1421 3232 oportere,
1450 3164 1514 3213 te
1542 3149 1618 3213 ab
1662 3152 1769 3214 illo
1797 3150 1913 3215 effe
1934 3151 2172 3228 laesum,
2215 3173 2306 3215 an·
2323 3173 2461 3234 pro-

214 3238 495 3305 vinciam
545 3237 824 3305 Siciliam
856 3236 973 3302 effe
1003 3250 1305 3312 vexatam,
1351 3259 1420 3301 ac
1450 3237 1800 3324 perditam?
1846 3239 2105 3324 Opinor,
2149 3240 2549 3318 concedis‚20

222 3329 428 3393 multo
470 3331 587 3393 hoc
618 3340 680 3391 et
734 3322 855 3389 effe
890 3327 1137 3414 gravius
1178 3341 1242 3389 et
1264 3324 1339 3389 ab
1368 3325 1655 3391 omnibus
1712 3325 1877 3390 ferri·
1886 3329 2129 3413 gravius
2163 3343 2464 3412 oportere.

220 3415 520 3480 Concede
543 3414 755 3500 igitur,
812 3428 885 3477 ut
911 3414 1021 3477 tibi
1050 3427 1451 3500 anteponatur
1478 3414 1544 3478 in
1571 3414 1910 3479 accusando
1930 3415 2278 3501 provinciam
2323 3434 2473 3497 nam

300 3502 546 3585 ,ovincia
575 3500 837 3578 accusat,
881 3522 1027 3565 cum
1062 3502 1115 3564 is
1145 3502 1270 3586 agit
1301 3502 1565 3580 causam,
1610 3523 1791 3586 quem
1823 3502 1928 3566 fibi
1956 3502 2058 3568 illa
2083 3501 2471 3592 defensorem

218 3522 321 3655 gi
365 3589 544 3677 juris,
590 3591 853 3653 ultorem
907 3589 991 3677 inj
999 3589 1296 3667 uriarum,
1340 3589 1615 3655 astorem
1654 3590 1842 3655 totius
1892 3591 2092 3658 causae
2136 3591 2465 3676 adoptauit.

224 3684 322 3744 ‚At
372 3698 511 3743 eam
539 3676 652 3741 tibi
704 3677 781 3741 C.
810 3675 1041 3741 Verres
1084 3677 1235 3740 fecit
1286 3678 1597 3766 injuriam,
1646 3699 1782 3761 quae
1833 3694 2201 3745 caeterorum
2229 3681 2554 3762 quoque25

225 3766 464 3831 animos
521 3766 711 3852 pofl'et
759 3765 959 3829 alieno
990 3768 1054 3827 in
1073 3767 1407 3831 commodo
1439 3786 1847 3832 commovere.
1938 3766 2205 3831 Minime
2240 3791 2260 3843 3
2323 3786 2471 3831 nam

224 3852 295 3919 id
340 3872 592 3939 quoque
642 3853 720 3917 ad
769 3873 904 3916 rem
954 3852 1258 3938 pertinere
1304 3854 1584 3934 arbitror,
1665 3856 1862 3942 qualis
1910 3855 2132 3942 injuria
2189 3855 2478 3929 dicatum

279 3964 373 4007 uae
409 3941 589 4007 causa
638 3940 1089 4005 inimicitiarum
1122 3940 1483 4024 proferatur.
1577 3943 1941 4031 cognoscite
1992 3966 2067 4007 ex
2116 3964 2252 4008 me:
2333 3961 2479 4003 nam

230 3963 346 4096 §te
383 4048 521 4095 eam
574 4027 876 4114 profesto,
922 4047 956 4079 ε
987 4027 1098 4093 nisi
1146 4031 1330 4113 plane
1359 4030 1514 4094 nihil
1574 4032 1744 4116 sapit,
1805 4050 2126 4118 nunquam
2181 4029 2468 4114 proferet·

1127 4157 1161 4194 a
1200 4139 1305 4228 ng'fi
1326 4139 1418 4226 fit
1439 4137 1683 4229 stultus.

301 4276 381 4324 5(
395 4272 608 4323 Monitor
632 4274 778 4337 caue-J
807 4276 1127 4340 Subscripior
1150 4282 1263 4325 tuus
1280 4278 1367 4325 ΔΙ·
1428 4276 1627 4338 reliquis
1642 4282 1918 4338 segregatus
1939 4283 2032 4336 est,
2054 4275 2257 4338 propter
2293 4268 2572 4341 dignitatis„

236 4340 417 4401 Ιόᾱυω.
562 4380 567 4385 .
1432 4344 1807 4391 exacuendam.

309 4405 384 4469 19.
424 4402 702 4466 Eximieeml
744 4406 968 4459 Eximius
1001 4408 1194 4473 disum,
1227 4406 1315 4487 qui
1338 4420 1413 4530 ⁸8
1506 4409 1582 4457 15.
1611 4404 1911 4475 Utrumque]
1944 4407 2018 4458 Ut
2033 4400 2210 4455 debeat
2223 4406 2276 4454 ot
2293 4401 2462 4471 possit.
