2984 4942
828 382 1179 449 'ORATIO
1220 380 1404 447 PRO
1448 381 1547 446 M.
1591 381 1932 451 COELIO.
2397 388 2524 453 237

216 512 463 582 'facinus
491 514 717 578 nullam
763 512 846 575 ob
891 513 1130 577 causam
1175 513 1290 576 esse
1334 513 1756 577 commifl‘um?
1803 529 1864 577 et
1906 534 2012 579 vos
2053 534 2185 578 non
2227 513 2441 580 videtis

228 603 383 689 fingi
440 603 679 666 sceleris
732 602 978 664 maximi
1030 603 1284 676 crimen,
1328 598 1393 665 u't
1451 602 1696 663 alterius
1744 601 1919 663 causa
1977 601 2209 666 sceleris
2258 602 2527 671 susci-10

222 692 433 775 piendi
484 689 656 753 fuiffe
713 688 1032 751 videatur?
1109 687 1229 751 Cui
1283 689 1541 770 denique
1589 684 1934 752 commisit?
1996 710 2119 771 quo
2163 691 2439 776 adjutore

223 778 374 843 usus
402 776 537 840 est?
597 797 710 859 quo
740 776 946 839 socio?
1007 774 1451 858 quoconscio?
1513 776 1612 840 cui
1661 790 1898 839 tantum
1927 775 2186 853 facinus,
2230 779 2326 841 cui
2355 779 2440 859 se,

220 867 328 931 cui
359 865 607 929 salutem
631 863 793 927 suam
816 863 1070 927 credidit
1088 863 1122 926 ἓ
1163 863 1447 927 servis-ne
1475 864 1747 927 mulieris
1773 862 1798 926 ?
1845 862 1924 927 fic
1946 868 2104 927 enim
2129 863 2443 949 obiectum

218 953 357 1029 est3
404 968 464 1015 et
508 967 635 1015 erat
681 966 806 1014 tam
852 953 1103 1014 demens
1145 950 1270 1026 bic,
1313 951 1417 1015 cui
1470 971 1574 1014 voe
1591 951 1914 1036 ingenium
1962 967 2123 1014 certe
2168 954 2444 1032 tribuitis,

219 1040 452 1105 etiamsi
495 1056 716 1104 caetera
765 1040 1011 1103 inimica
1057 1040 1339 1106 oratione,
1377 1038 1727 1114 detrahatiS,
1773 1052 1837 1102 ut
1875 1059 2100 1103 -omnes
2146 1037 2280 1103 suas
2322 1041 2529 1106 for-15

213 1143 400 1191 tunas
434 1128 645 1190 alicnis
669 1125 854 1190 ser-vis
880 1125 1334 1190 committeret?
1395 1140 1455 1189 at
1498 1126 1712 1209 quibus
1749 1125 1987 1189 >sei-vis?
2048 1128 2237 1191 refert
2281 1132 2445 1193 enim

219 1236 587 1301 magnopere
628 1214 703 1276 'id
764 1214 956 1295 ipsum
973 1236 1000 1277 ·:
1048 1215 1280 1289 his-ne,
1327 1235 1480 1297 quos
1538 1214 1913 1298 intelligebat
1961 1220 2086 1276 n¹on
2140 1218 2450 1278 communi

214 1305 573 1366 conditione
621 1301 919 1365 servitutis
971 1307 1080 1377 uti,
1127 1302 1228 1364 sed
1258 1303 1560 1377 licentius,
1598 1301 1860 1378 liberius,
1907 1300 2267 1366 familiarius
2301 1323 2446 1365 cum

216 1391 468 1453 domina
494 1391 696 1453 vivere
721 1386 745 1451 ?
793 1390 930 1473 quis
961 1391 1125 1453 enirn
1164 1389 1283 1452 hoc
1313 1410 1438 1453 non
1465 1390 1651 1467 videt,
1696 1389 1728 1454 J
1737 1389 1963 1466 udices,
2009 1405 2114 1452 aut
2144 1389 2277 1471 quis
2322 1388 2442 1452 hoc

202 1477 479 1562 ignorat,
542 1478 607 1539 in
666 1475 962 1561 ejusmodi
1021 1478 1227 1552 domo,
1287 1479 1351 1539 in
1402 1500 1514 1559 qua
1566 1477 2045 1541 mater-familias
2097 1477 2530 1541 meretric1020

206 1585 391 1627 -more
420 1566 619 1627 vivat:
663 1565 728 1625 in
759 1585 873 1644 qua
921 1564 1072 1625 nihil
1122 1578 1386 1648 geratur,
1432 1565 1601 1646 quod
1651 1565 1813 1627 forae
1852 1566 2290 1648 proterendum
2337 1564 2442 1629 fit:

200 1652 279 1713 in
309 1674 432 1736 qua
481 1651 687 1726 lustra,
732 1651 1034 1726 libidines,
1079 1652 1364 1727 luxurieS,
1410 1651 1618 1714 omnia
1669 1650 1928 1734 denique
1980 1652 2250 1715 inaudita
2295 1652 2444 1714 vitia

215 1752 394 1823 atque
426 1739 650 1824 flagitia
679 1737 1027 1815 versentur;
1078 1738 1179 1802 hic
1225 1738 1422 1802 servos
1451 1759 1578 1801 non
1626 1739 1742 1802 effe
1784 1738 2004 1815 servos,
2052 1739 2274 1823 quibus
2304 1760 2443 1801 om·-

214 1826 318 1889 nia
371 1828 851 1901 committantur,
898 1847 1003 1908 per
1049 1848 1204 1908 quos
1249 1843 1557 1912 gerantur,
1603 1828 1699 1909 qui
1745 1825 2055 1890 versentur
2106 1826 2316 1890 iisdem
2376 1826 2441 1892 in

215 1914 639 1997 voluptatibus,
713 1915 935 1998 quibus
1004 1916 1243 1977 occulta
1304 1915 1648 1988 credantur,
1706 1914 1784 1976 ad
1851 1935 2007 1996 quos
2064 1914 2530 1997 aliquantum25

216 2002 402 2066 etiarn
431 2025 508 2066 ex
537 2002 903 2084 quotidianis
949 2001 1278 2083 sumptibus
1322 2022 1392 2065 ac
1436 2003 1672 2065 luxuria
1721 1999 2071 2067 redundet?
2139 1999 2218 2063 Id
2261 2001 2448 2086 igitur

217 2086 460 2153 Coelius
492 2111 617 2152 non
646 2087 932 2151 videbat?
982 2087 1022 2148 fi
1057 2090 1220 2151 enim
1251 2102 1377 2149 tam
1408 2088 1719 2150 familiaris
1770 2101 1900 2150 erat
1926 2087 2218 2164 mulieris,
2263 2109 2448 2171 quam

213 2197 332 2245 ,voa
361 2176 582 2253 vultis;
628 2176 772 2239 istos
803 2197 1048 2258 quoque
1079 2175 1278 2237 servos
1325 2174 1652 2238 familiares
1702 2174 1817 2237 effe
1867 2174 2137 2239 dominae
2189 2173 2449 2240 sciebat:

218 2263 311 2326 fin
363 2264 421 2325 ei
471 2275 637 2325 tanta
695 2264 1095 2337 consuetudo,
1139 2276 1365 2346 quanta
1415 2284 1451 2324 a
1517 2262 1684 2325 vobis
1739 2263 2068 2337 inducitur,
2120 2282 2246 2325 non
2294 2277 2445 2342 erat,

223 2372 368 2432 quae
426 2370 571 2413 cum
624 2349 802 2412 servis
854 2350 1052 2433 potuit
1102 2350 1474 2414 familiaritas
1534 2349 1648 2412 effe
1699 2348 1914 2413 tanta?
1991 2344 2180 2434 Ipfius
2238 2357 2534 2417 autem30

218 2438 444 2502 veneni
489 2459 634 2521 quae
677 2440 829 2500 ratio
881 2435 964 2499 fin
1010 2437 1176 2500 itur?
1240 2438 1338 2500 ubi
1383 2437 1695 2519 quaesitum
1726 2436 1864 2500 est?
1924 2439 2440 2518 quemadmodum

222 2524 552 2609 paratum?
622 2546 743 2608 quo
772 2523 955 2609 padio
977 2573 992 2587 .
1049 2530 1163 2601 cui,
1209 2526 1423 2605 quoin
1466 2525 1530 2586 in
1560 2526 1696 2588 loco
1742 2524 2084 2587 traditum?
2154 2525 2446 2588 Habuiffe

223 2616 387 2677 aiunt
440 2614 630 2690 domi,
689 2615 935 2698 vimque
986 2613 1121 2697 ejus
1172 2613 1290 2674 efle
1344 2626 1659 2695 expertum
1717 2615 1778 2677 in
1826 2611 1996 2676 servo
2048 2612 2312 2694 quodam
2370 2612 2449 2674 ad

228 2721 356 2763 rem
389 2700 572 2784 ipsam
602 2716 828 2783 parato,
874 2701 1052 2787 cujus
1082 2701 1114 2751 b
1147 2700 1436 2783 perceleri
1465 2700 1712 2763 interitu
1756 2699 1872 2763 esse
1901 2699 1976 2761 ab
2010 2698 2128 2762 hoc
2161 2718 2444 2782 compro-

222 2787 430 2851 batum
476 2810 802 2851 venenum.
893 2788 1017 2851 Pro
1062 2788 1147 2850 dii
1196 2787 1604 2851 immortales!
1655 2807 1762 2851 cur
1806 2786 2112 2849 interdum
2140 2787 2204 2848 in
2247 2784 2530 2861 homi-85

222 2896 375 2940 num
428 2875 750 2939 sceleribus
802 2876 1103 2952 maximis,
1164 2888 1266 2936 aut
1312 2875 1672 2950 connivetiS,
1718 2888 1823 2935 aut
1874 2872 2179 2954 praesentis
2221 2872 2448 2937 fraudis

223 2983 441 3047 poenas
469 2963 534 3023 in
578 2964 741 3024 diem
790 2960 1141 3025 reservatis?
1203 2960 1355 3021 Vidi
1385 2961 1573 3035 enim,
1616 2959 1763 3033 vidi,
1807 2974 1872 3023 et
1909 2960 2086 3021 illum
2129 2958 2295 3021 hausi
2342 2961 2451 3024 do-

198 3052 419 3113 ⁴iorem
468 3050 567 3113 vel
614 3047 1051 3112 acerbiffimum
1103 3048 1171 3109 in
1212 3050 1356 3122 -vita,
1404 3068 1545 3110 cum
1600 3047 1692 3133 Q.
1748 3045 2038 3110 Metellus
2080 3044 2449 3113 abstrahere-

219 3152 327 3202 tur
368 3156 429 3205 e,
457 3135 586 3198 {inu
631 3134 990 3220 gremioque
1036 3134 1291 3218 patriae:
1351 3153 1625 3218 cumque
1675 3133 1778 3195 ille
1827 3135 1939 3210 vir,
1986 3136 2086 3216 qui
2128 3133 2188 3197 se
2234 3149 2446 3200 natum

216 3224 363 3288 huic
417 3222 682 3306 imperio
741 3224 992 3305 putavit,
1038 3224 1216 3285 tertio
1267 3220 1364 3284 die
1416 3220 1574 3305 post,
1637 3242 1822 3307 quam
1875 3227 1935 3285 in
1983 3224 2173 3298 curia,
2216 3222 2530 3301 rostri8,40

213 3312 282 3374 in
328 3310 543 3395 repub.
598 3309 905 3386 floruifl‘et,
948 3311 1331 3395 integerrima
1377 3324 1579 3385 aetate,
1616 3326 1652 3360 Ὁ
1689 3310 1921 3393 optimo
1966 3306 2201 3386 habitu,
2247 3312 2440 3374 maxi·
2535 3354 2544 3361 ·

225 3399 340 3462 mis
367 3399 610 3475 viribuS,
655 3391 985 3482 eriperetur
1029 3394 1430 3482 indignissime
1465 3396 1636 3461 bonis
1664 3398 1945 3461 omnibus
1987 3409 2172 3479 atque
2201 3400 2444 3463 univer-

225 3485 303 3551 sae
332 3485 597 3563 civitati,
644 3506 770 3569 quo
816 3486 1065 3569 quidem
1096 3499 1370 3569 tempore
1419 3485 1522 3549 ille
1552 3485 1839 3561 moriens,
1888 3504 2030 3548 cum
2053 3485 2185 3571 jam
2214 3493 2448 3555 caeteris

655 3655 686 3702 b
719 3664 890 3714 morte
895 3651 1109 3736 subita.
1538 3670 1566 3702 ο
1599 3653 1800 3735 optima
1813 3651 2089 3737 fimitate.

288 3827 363 3872 11.
401 3822 491 3870 Cui
508 3822 700 3885 densque
723 3819 980 3879 commorit]
1019 3820 1180 3870 Affert
1198 3819 1342 3869 Cice-
1403 3821 1768 3869 exclamatione
1784 3837 1814 3868 a
1829 3821 2079 3881 proposito
2093 3821 2337 3883 digressu:
2351 3823 2402 3871 in
2423 3824 2535 3872 Clo-

220 3902 273 3936 ro
291 3900 459 3936 omnen
501 3887 919 3940 circumstantias,
948 3886 1126 3947 quibus
1171 3886 1343 3946 probet
1407 3884 1539 3930 dium
1562 3885 1827 3943 invehitur,
1848 3900 1955 3947 quae
1976 3886 2151 3934 audeat
2172 3887 2351 3935 veneni
2377 3887 2533 3935 Caeli-

221 3952 430 4001 Coelium
454 3951 628 4000 veneni
663 3964 853 3997 crimen
877 3965 974 3997 non
1007 3952 1287 4003 admisisses
1312 3962 1345 3995 a
1405 3962 1494 3995 um
1522 3949 1824 4007 insimulare,
1846 3965 1964 3998 cum
1985 3952 2091 4010 ipsa
2106 3951 2296 3998 venerit
2315 3953 2363 3999 in
2378 3948 2541 4020 auspi-

216 4018 436 4078 persouis
456 4018 744 4075 exorditus-3
768 4029 827 4062 ac
854 4017 911 4063 1⁰
937 4029 968 4060 a
984 4015 1136 4061 servin
1158 4013 1342 4073 clodia
1409 4011 1604 4061 cionem
1631 4028 1821 4062 veneno
1843 4014 2075 4063 maritum
2099 4017 2339 4064 sustuliose
2356 4033 2370 4062 ε
2398 4025 2539 4072 ctu-rs

216 4079 719 4144 quibuscommittere
744 4087 857 4127 tuto
880 4079 997 4126 illud
1018 4080 1222 4126 facinus
1242 4091 1341 4126 nou
1405 4075 1522 4137 ipse
1545 4079 1718 4126 laudes
1745 4080 1868 4128 mire
1892 4081 2215 4140 prosequitur.

218 4143 395 4207 potuit,
414 4145 526 4203 quia
552 4144 749 4191 liberius
771 4145 821 4191 in
840 4146 924 4191 illa
940 4143 1092 4192 domo
1112 4147 1262 4203 plena
1280 4142 1341 4189 li-
1470 4144 1551 4188 58.
1573 4142 1793 4190 Metellus
1805 4143 2193 4201 abstraheretur-‚1
2209 4145 2415 4203 Propter
2427 4143 2540 4189 Me-

218 4208 402 4258 bidinis
427 4207 665 4257 vivebant.
1398 4207 1584 4254 *tellum
1619 4208 1869 4256 subtatum
1906 4208 1969 4255 ab
2008 4221 2163 4256 uxore
2208 4206 2397 4259 Clodia,
2430 4205 2542 4267 ipos

204 4292 210 4296 ·
282 4276 363 4322 31.
411 4270 503 4319 Ubi
522 4271 756 4331 quesitum
775 4271 889 4330 esti]
910 4274 990 4320 2⁰.
1018 4271 1202 4320 Probat
1222 4272 1341 4319 Coe-
1401 4270 1539 4318 dicta
1558 4278 1636 4319 est
1659 4273 2063 4331 Clytaemnestra,
2079 4278 2133 4319 ut
2149 4270 2224 4317 nit
2245 4269 2418 4317 Fabius
2440 4271 2530 4319 lib.

221 4340 338 4387 lium
362 4350 463 4386 non
488 4348 683 4395 parasse
704 4351 946 4385 venenum
973 4350 1004 4384 a
1023 4337 1347 4384 circumstan-
1413 4338 1461 4384 8.
1486 4350 1598 4396 cap.
1635 4322 1683 4382 ὁ.
1706 4342 1835 4396 quod
1875 4342 1926 4383 ut
1950 4336 2037 4383 illa
2075 4336 2201 4382 (erro
2218 4333 2376 4381 virum
2397 4346 2545 4385 suum

204 4403 297 4453 ,tiis
320 4403 413 4450 loci
437 4409 491 4448 et
525 4400 833 4449 auxiliorum.
1413 4403 1860 4460 Agamemnonem,
1877 4402 1948 4449 sic
1968 4398 2058 4448 ista
2079 4400 2338 4449 Metellum
2347 4412 2542 4453 renem

278 4468 361 4516 3⁵.
408 4465 513 4515 Pro
542 4464 615 4514 du·
659 4464 981 4525 immortalesd
1049 4465 1349 4516 vehementi
1415 4463 1736 4517 interfecerit.
1827 4468 1836 4475 '
