2984 4942
813 389 1162 457 oen-10
1203 388 1388 455 PRO
1431 388 1528 454 M.
1574 366 1913 459 como.
2374 395 2504 466 235

215 529 327 606 xit,
371 527 590 592 eodem
618 523 681 587 se
709 524 1090 588 conscientiae
1113 523 1331 588 scelere
1353 522 1656 587 devinxit
1727 522 1943 587 Tu-ne
1973 547 2189 593 aurum
2220 550 2296 593 ex
2319 552 2415 594 ar·-

221 617 412 683 mario
431 630 538 679 tuo
561 632 839 696 promere
875 611 1016 674 ausa
1036 609 1147 674 es?
1192 624 1369 674 tu-ne
1396 609 1708 674 Venerem
1737 610 1902 674 illam
1930 628 2096 677 tuam
2127 616 2416 698 spoliatri-

220 725 361 770 cem
391 703 637 785 spoliare
665 693 1081 762 ornamentis?
1127 713 1416 763 caeterum
1436 721 1576 763 cum
1598 698 1797 773 scires,
1842 716 2136 785 quantum
2166 704 2239 767 ad
2271 704 2501 771 faci-15

214 813 337 857 nus
372 811 589 853 aurum
618 787 734 850 hoc
757 801 1146 870 quaereretur,
1190 788 1267 849 ad
1296 807 1514 849 necem
1549 785 1774 850 scilicet
1794 789 1997 872 legati,
2043 791 2118 852 ad
2141 790 2215 853 L.
2237 792 2410 859 Luc·

216 884 355 954 ceii,
401 873 737 940 sanffiffimi
765 874 1028 938 hominis
1058 887 1239 957 atque
1280 874 1681 959 integerrimi,
1725 874 1923 938 labem
1947 876 2177 940 sceleris
2199 878 2417 966 sempi-

214 970 416 1042 terni,
461 966 603 1028 huic
643 962 893 1028 facinori
923 976 1091 1024 tanto
1118 975 1219 1027 tua
1263 980 1434 1027 mens
1454 961 1713 1025 liberalis
1742 962 2006 1039 conscia,
2063 978 2168 1028 tua
2197 967 2413 1033 domus

216 1055 523 1139 popularis
553 1049 844 1127 ministra,
889 1063 993 1112 tua
1024 1051 1286 1133 denique
1313 1049 1622 1136 hospitalis
1651 1050 1753 1111 illa
1781 1049 1991 1115 Venus
2021 1053 2277 1138 adjutrix
2305 1056 2419 1120 effe

213 1163 342 1205 non
380 1141 606 1204 debuit.
700 1140 878 1203 Vidit
908 1138 1026 1200 hoc
1070 1138 1331 1201 Balbus:
1374 1137 1693 1217 [facinoris
1723 1147 1996 1223 tantum]
2023 1141 2278 1204 celatam
2308 1137 2509 1208 effe20

214 1227 500 1292 Clodiam
533 1229 705 1305 dixit,
736 1241 909 1309 atque
938 1225 1023 1287 ita
1051 1225 1325 1289 Coelium
1346 1225 1424 1287 ad
1454 1224 1619 1287 illam
1643 1224 1919 1301 attulifl'e,
1949 1225 2009 1290 se
2040 1227 2115 1289 ad
2138 1243 2422 1292 ornatum

212 1313 506 1379 ludorum
536 1335 747 1380 aurum
776 1332 1071 1399 quaerere.
1160 1311 1228 1375 Si
1257 1327 1382 1375 tam
1430 1311 1736 1376 familiaris
1782 1326 1908 1377 erat
1937 1313 2198 1393 Clodiae,
2242 1337 2426 1398 quam

212 1418 288 1466 tu
340 1404 455 1466 effe
476 1402 588 1479 vie,
636 1426 772 1467 cum
802 1403 880 1464 de
901 1400 1150 1463 libidine
1179 1400 1307 1485 ejus
1328 1415 1454 1489 tam
1480 1401 1670 1464 multa
1697 1401 1894 1478 dicis;
1940 1402 2093 1465 dixit
2122 1400 2428 1487 profectO,

212 1506 347 1574 quo‘
374 1493 558 1554 vellet
586 1510 842 1553 aurum:
889 1491 929 1549 fi
960 1503 1086 1551 tam
1114 1483 1428 1550 familiaris
1456 1508 1582 1550 non
1611 1504 1761 1563 erat,
1807 1510 1932 1552 non
1955 1490 2145 1553 dedit.
2233 1491 2349 1568 Ita,
2381 1491 2422 1553 si

216 1598 431 1642 verum
472 1577 584 1641 tibi
628 1576 859 1640 Coelius
888 1574 1063 1650 dixit,
1106 1595 1147 1636 o
1177 1574 1573 1637 immoderata
1604 1577 1833 1650 mulier,
1879 1575 2070 1641 sciens
2098 1592 2169 1641 tu
2208 1582 2512 1644 aurum25

215 1667 295 1728 ad
310 1664 547 1729 facinus
572 1662 784 1728 dedisti
811 1687 827 1726 :
857 1663 898 1724 fi
929 1684 1054 1725 non
1077 1660 1164 1725 est
1188 1661 1364 1725 ausus
1386 1664 1611 1738 dicere,
1640 1683 1762 1725 non
1784 1663 2018 1727 dedisti.
2113 1665 2286 1750 Quid
2310 1687 2428 1752 ego

219 1773 385 1817 nunc
413 1753 782 1838 argumentis
809 1751 948 1815 huic
973 1748 1233 1825 crimini,
1278 1771 1412 1833 quae
1445 1749 1585 1812 sunt
1607 1752 2085 1829 innumerabilia,
2113 1752 2376 1817 resistam
2399 1751 2424 1816 ἓ

220 1842 455 1925 possum
486 1842 709 1916 dicere,
754 1859 957 1902 mores
986 1838 1081 1900 M.
1134 1837 1321 1901 Coelii
1350 1837 1686 1924 longiffime
1716 1840 1919 1901 atanti
1948 1839 2183 1904 sceleris
2215 1846 2433 1906 atroci-

210 1942 346 1992 tate
395 1929 509 1991 esse
539 1928 919 2014 disjun&ns;
968 1925 1218 2013 minime
1249 1924 1365 1989 effe
1392 1926 1793 1996 credendum,
1835 1925 2069 1990 homini
2108 1942 2230 1990 tam
2260 1934 2431 2015 inge-

217 2015 390 2080 nioso
434 2031 681 2097 tamque
726 2013 1012 2099 prudenti
1036 2033 1162 2075 non
1202 2012 1418 2075 veniffe
1450 2012 1844 2087 minentem,
1886 2034 2017 2077 rem
2049 2015 2201 2078 tanti
2241 2014 2517 2078 scele-SO

218 2108 303 2167 ris
324 2105 550 2190 ignotis
603 2101 924 2185 alienisque
952 2100 1132 2162 servis
1161 2120 1287 2162 non
1317 2098 1433 2161 effe'
1483 2098 1868 2163 credendam.
1955 2098 2199 2165 Poffum
2250 2103 2436 2166 etiam

212 2190 343 2265 illa,
375 2204 437 2254 et
466 2203 824 2254 caeterorum
854 2200 1237 2270 patronorum
1256 2199 1317 2248 et
1340 2207 1473 2249 mea
1495 2185 1955 2265 consuetudine,
1988 2187 2064 2251 ab
2086 2184 2433 2254 accusatore
2491 2198 2520 2257 J

220 2277 594 2364 perquirere,
641 2276 746 2339 ubi
769 2275 838 2337 fit
860 2274 1202 2360 congressus
1231 2293 1374 2336 cum
1404 2272 1585 2336 servis
1635 2273 1880 2339 Lucceii
1910 2274 2199 2341 Coelius?
2252 2277 2356 2360 qui
2378 2276 2439 2341 ei

220 2364 414 2428 fuerit
444 2362 691 2428 aditus?
738 2361 777 2424 fi
802 2384 911 2447 per
929 2362 1013 2438 se,
1041 2383 1159 2443 qua
1190 2359 1578 2425 temeritate?
1626 2361 1669 2424 si
1692 2382 1795 2444 per
1823 2363 2031 2441 alium,
2061 2379 2172 2450 per
2199 2363 2435 2449 quem?

218 2452 461 2539 possum
482 2472 695 2515 omnes
724 2450 979 2514 latebras
1000 2448 1406 2534 suspicionum
1430 2469 1745 2534 peragrare
1768 2450 2053 2515 dicendo:
2082 2473 2208 2516 non
2236 2454 2521 2530 causa,35

223 2561 349 2604 non
379 2539 573 2615 locus,
618 2560 741 2602 non
774 2537 1053 2614 facultas,
1098 2557 1225 2599 non
1252 2534 1550 2623 conscius,
1595 2557 1720 2599 non
1750 2536 2122 2618 perficiendi,
2168 2558 2293 2600 non
2333 2560 2440 2603 oc·

220 2628 488 2692 cultandi
534 2626 814 2691 maleficii
836 2625 992 2710 spes»,
1022 2646 1147 2688 non
1190 2625 1347 2688 ratio
1379 2624 1522 2699 ulla,
1567 2645 1693 2689 non
1721 2623 2042 2710 vestigium
2062 2626 2312 2689 maximi
2342 2626 2436 2713 fa-

224 2715 447 2780 cinoris
467 2716 815 2798 reperietur.
905 2713 1030 2777 Sed
1059 2713 1219 2788 haec,
1250 2734 1389 2795 quae
1417 2712 1559 2775 {unt
1585 2713 1838 2776 oratoris
1857 2713 2114 2797 propria,
2159 2735 2293 2797 quae
2325 2714 2441 2776 mi·-

223 2803 292 2866 hi
324 2822 449 2866 non
471 2819 707 2885 propter
734 2803 1049 2888 ingenium
1074 2799 1306 2877 meum,
1358 2798 1459 2862 sed
1481 2815 1728 2884 propter
1748 2800 1906 2864 hanc
1938 2801 2437 2865 exercitationem

228 2892 529 2972 usumque
550 2890 811 2965 dicendi,
854 2888 1133 2951 studium
1152 2888 1415 2970 aliquem
1434 2886 1594 2948 ferre
1624 2886 1962 2968 potuifl‘ent,
2007 2908 2152 2952 cum
2179 2910 2215 2951 a
2237 2906 2337 2951 me
2355 2890 2529 2973 ip-4o

226 2978 295 3042 so
326 2978 591 3040 laborata
614 2976 993 3057 proferentur
1012 2975 1384 3045 viderentur,
1402 2973 1705 3036 brevitatis
1724 2972 1901 3036 causa
1922 2975 2196 3059 relinquo
2214 2975 2440 3047 omnia.

237 3064 466 3128 Habeo
489 3064 676 3139 enim,
708 3062 975 3138 ludices,
1007 3080 1188 3144 quem
1215 3082 1323 3127 vos
1352 3061 1582 3124 socium
1613 3060 1831 3125 vestrae
1851 3061 2157 3148 religionis
2170 3062 2445 3150 jurisque

221 3150 470 3240 jurandi
501 3150 682 3214 facile
729 3151 844 3214 efl'e
883 3150 1216 3235 patiemini,
1275 3148 1349 3211 L.
1381 3147 1743 3226 Lucceium,
1786 3147 2221 3215 sanEtiffimum
2241 3151 2443 3215 homi-

227 3251 505 3316 nem,‚et
535 3237 943 3325 gravissimum
994 3236 1212 3301 testem
1240 3259 1256 3299 z
1300 3236 1409 3322 qui
1455 3250 1696 3299 tantum
1729 3235 1969 3301 facinus
2001 3239 2064 3301 in
2097 3238 2321 3304 famam
2354 3253 2444 3303 at-

228 3350 353 3413 que
403 3326 682 3390 fortunas
733 3325 868 3390 suas
919 3347 1121 3408 neque
1161 3345 1286 3389 non
1328 3324 1579 3388 audisset
1618 3325 1854 3388 illatum
1901 3347 1938 3389 a
1981 3326 2206 3403 Coelio,
2250 3334 2528 3410 neque45

232 3414 603 3501 neglexiffet,
648 3436 840 3498 neque
890 3414 1127 3477 tuliffet.
1220 3416 1326 3476 An
1373 3414 1474 3475 ille
1519 3411 1633 3489 vir,
1677 3412 1779 3476 illa
1827 3412 2200 3480 humanitate
2229 3415 2446 3498 praedi·

228 3516 353 3583 tus,
396 3502 514 3567 illis
554 3502 787 3581 studiis,
864 3502 1090 3567 artibus
1140 3514 1323 3587 atque
1353 3486 1652 3579 destrina,
1693 3500 1850 3567 illius
1879 3501 2060 3588 ipsius
2087 3504 2442 3588 periculum,
2530 3522 2534 3527 ·

303 3705 379 3754 14.
417 3703 632 3752 Venerem
690 3701 856 3762 illam]
916 3704 1088 3753 Clodia
1152 3704 1352 3752 simula·
1417 3703 1580 3766 pitalis
1598 3703 1793 3753 dicitur.

233 3770 374 3819 erum
410 3770 620 3817 Veneris
658 3783 860 3818 aureum
880 3769 1061 3817 habere
1080 3769 1351 3824 dicebatur,
1482 3771 1565 3817 20.
1594 3770 1722 3816 Vidit
1739 3767 2183 3830 hocBaIbus.]Balbi
2201 3771 2538 3821 testimonium

232 3850 383 3896 quam
402 3841 455 3883 ut
471 3835 726 3892 meretrix,
752 3840 806 3882 et.
822 3834 1064 3895 impudica
1078 3833 1251 3882 mulier
1270 3846 1354 3881 co·
1419 3836 1621 3882 allatum
1644 3832 1704 3880 ab
1722 3834 2077 3882 accusatoribus
2092 3835 2282 3882 irritum
2305 3835 2439 3883 facit.

232 3902 385 3949 lebat.
1484 3902 1564 3947 24.
1608 3899 1708 3946 2110
1728 3897 1900 3956 vellet.]
1926 3900 1982 3945 ln
2018 3914 2167 3959 quem
2192 3914 2334 3947 usum
2372 3913 2542 3948 aurum

308 3967 379 4012 lb.
422 3963 782 4025 spoliatricem-J
814 3964 1151 4023 spoliatricem
1188 3967 1364 4025 appel·
1426 3964 1544 4011 inud
1565 3963 1807 4011 insumere
1823 3965 2179 4021 vellet,C‹1=lius
2201 3964 2385 4012 Clodiae
2402 3963 2548 4011 dixit.

234 4031 331 4084 lat,
354 4029 674 4088 quiaveneris
690 4030 870 4077 auxilio
888 4031 1063 4076 multoe
1079 4029 1362 4077 adolescen-
1488 4029 1568 4075 33.
1605 4026 1696 4074 Ubi
1717 4030 1779 4075 sit
1797 4028 2102 4090 congressus]
2132 4029 2334 4076 Excutit
2373 4039 2544 4075 omnes

239 4099 317 4140 tes
346 4093 639 4151 patrimonio
665 4094 832 4141 Clodia
853 4093 1165 4153 spoliaverat.
1425 4093 1820 4141 circumstantias
1837 4099 1942 4140 tum
1960 4107 1990 4138 a
2008 4098 2114 4143 loco
2132 4092 2452 4155 praecipue,et
2469 4089 2542 4137 fa-

312 4161 383 4205 19.
434 4156 720 4219 Popularia]
770 4160 1013 4217 Populare
1057 4157 1242 4206 dicitur
1277 4160 1357 4205 vel
1423 4160 1627 4209 euitare.
1649 4165 1700 4205 et
1716 4159 1835 4206 falsu
1849 4172 1954 4205 esse
1969 4157 2290 4213 demonstrat,
2305 4167 2414 4214 qua:
2438 4156 2544 4213 Cep

238 4221 373 4282 quod
396 4235 653 4269 commune
679 4229 797 4271 esta
819 4224 1011 4285 populo,
1043 4225 1120 4271 vel
1144 4223 1272 4283 quod
1292 4222 1358 4271 ini
1424 4222 1487 4270 lio
1508 4219 1706 4282 objecta
1728 4229 1860 4270 sunt.
2209 4250 2218 4259 -

235 4294 439 4347 gratum
463 4294 538 4334 est
557 4285 908 4345 etjucuudutn.
1211 4290 1219 4314 ¹
1489 4289 1568 4334 42.
1607 4287 1746 4336 Juris
1769 4286 2010 4348 juranda}
2065 4283 2265 4334 Judices
2301 4287 2355 4330 et
2393 4290 2545 4336 testes

312 4354 386 4400 lb.
437 4350 742 4412 Hospitalis.]
800 4354 1001 4412 Propter
1046 4346 1359 4400 simulacrum
1415 4347 1672 4409 jurabant.
1687 4366 1739 4398 se
1758 4351 1878 4399 nihil
1891 4358 2064 4399 contra
2077 4347 2320 4407 justitiam
2342 4353 2539 4403 acturos
2567 4362 2578 4369 ·

240 4416 371 4479 quod
397 4418 494 4467 suis
517 4415 703 4466 aedibus
725 4416 889 4466 Clodia
915 4416 1214 4475 asservabat,
1248 4419 1360 4465 hon·-
1424 4418 1504 4464 vel
1523 4415 1737 4465 dicturos
1756 4428 1878 4462 esse.

1367 4480 1437 4538 3'5
