2984 4942
1188 349 1560 421 VITA.
2458 367 2546 425 υ

236 489 414 555 memb
461 485 791 554 consecuta
816 483 926 549 est.
1014 482 1144 550 Hic
1172 484 1456 549 Catilina:
1484 484 1614 548 dies
1641 486 1928 570 exeundi,
1971 496 2110 550 tum
2135 482 2375 550 caetis
2408 502 2544 549 ma·

228 578 423 645 nendi
445 575 741 648 conditio,
760 590 895 637 tum
917 572 1241 659 descriptio
1263 593 1375 657 per
1390 586 1581 635 totam
1606 573 1818 641 urbem
1839 574 2025 639 caedis
2055 588 2237 658 atque
2263 573 2545 638 incmdi·

234 686 416 732 orum
445 663 771 729 constituta
788 661 908 725 est:
954 662 1106 742 quin
1128 662 1315 723 etiam
1346 661 1429 724 ibi
1464 659 1619 722 dixit
1651 659 1910 726 Catilina
1938 663 2259 748 paululum
2290 661 2397 726 fibi
2426 661 2548 727 effi

237 753 427 819 etiam
456 769 591 817 tum
614 770 824 827 morae,
854 750 1023 834 quod
1045 749 1267 813 Cicero
1295 749 1552 812 viverat:
1595 750 1818 832 reperti
1839 750 1975 815 sunt
2003 754 2130 816 duo
2150 749 2387 834 eqnim
2409 748 2547 814 Ro-

236 842 429 911 mani,
473 841 581 924 qui
608 839 731 902 sese
760 839 862 901 illa
889 837 1014 923 ipsa
1045 837 1230 902 notite
1259 839 1445 922 paulo
1491 851 1633 899 ante
1678 838 1881 901 lucem
1924 838 2288 904 Ciceronem
2330 839 2396 902 in
2432 836 2548 915 suo

230 929 474 993 lediulo
492 926 925 991 interfecturos
944 926 1200 1010 polliciti
1220 925 1378 989 sunt.
1425 925 1592 988 Cum
1615 940 1824 988 autem
1847 925 2063 991 Cicero
2090 930 2168 991 de
2188 927 2333 990 dolo
2362 926 2549 1004 malo,

215 1018 349 1101 ·qui
379 1017 720 1101 parabatur,
763 1020 863 1078 rix
892 1028 1065 1078 coetu
1109 1014 1369 1089 dimifl‘o,
1412 1034 1524 1097 per
1566 1013 1845 1076 Fulviam
1876 1014 2095 1078 certior
2135 1014 2338 1079 {athis
2381 1014 2554 1091 effet,

241 1105 497 1169 domum
520 1105 691 1167 fuam
710 1101 1043 1189 majoribus
1065 1102 1353 1187 praefidiis
1376 1101 1658 1175 munivit,
1682 1123 1795 1165 nec
1814 1123 1920 1166 eos
1939 1100 2195 1174 admifit,
2213 1124 2365 1187 quos
2381 1102 2554 1169 Cati-

237 1192 369 1256 lina
394 1192 770 1255 salutationis
791 1190 968 1253 causa
986 1189 1246 1252 miserat.
1338 1208 1427 1252 vr.
1462 1189 1607 1252 [dus
1629 1189 1913 1253 Novemb
1967 1188 2267 1253 Senatum
2289 1190 2352 1252 in
2382 1190 2555 1256 lovis
2595 1219 2600 1223 ·

238 1278 504 1344 Statoris
525 1279 724 1341 aedem
745 1278 1122 1353 convocavit,
1146 1297 1273 1361 quo
1293 1276 1478 1340 etiam
1503 1275 1766 1340 Catilina
1787 1298 1930 1341 cum
1961 1280 2200 1341 caeteris
2219 1280 2425 1341 venire
2445 1300 2557 1346 au·

240 1364 351 1431 fus
379 1365 489 1442 est,
519 1364 621 1429 sed
650 1365 709 1429 ei
737 1363 982 1428 affidere
1010 1384 1197 1428 nemo
1224 1364 1441 1428 voluitz
1469 1384 1547 1426 eo
1575 1364 1722 1442 vis0,
1753 1365 1869 1430 five
1899 1366 2032 1452 ejus
2054 1364 2367 1449 aspeaum
2393 1366 2559 1429 Con-

243 1454 340 1519 sul
371 1454 747 1528 formidaret,
797 1452 911 1515 five
938 1454 1029 1515 ira
1059 1465 1567 1525 commoveretur,
1610 1452 1769 1516 hanc
1813 1453 2027 1517 habuit
2059 1453 2122 1515 in
2164 1474 2307 1516 eum
2339 1455 2586 1517 oratio·‘

245 1562 420 1693 ma
444 1541 811 1693 ‘¹¹:355ssss
836 1539 1411 1692 {isszfffifffflztff
1426 1540 2564 1709 {Z‘riiiziefflisffossiii'ii‘ffiss}

244 1716 873 1889 iffffiffssffffi
891 1715 1231 1869 2235&ss
1252 1715 2567 1891 ffifflgffifflffisszssffissss

254 1892 366 1963 est,
398 1892 564 1976 quod
594 1892 860 1955 Catilina
891 1892 1134 1955 abiifl'et.
1228 1890 1363 1955 Ubi
1408 1890 1631 1955 Romae
1663 1894 1979 1978 cognitum
2010 1893 2097 1956 est
2126 1894 2455 1957 Catilinam
2484 1893 2567 1958 ad

245 1979 573 2045 Manliana
600 1979 794 2043 castra
821 1977 1173 2064 profectum
1217 1979 1356 2054 effe,
1402 1999 1546 2041 eum
1577 2001 1720 2043 curn
1753 1982 1993 2042 Manlio
2034 1981 2296 2047 Senatus
2323 1981 2564 2045 hostem

248 2068 468 2156 patriae
494 2067 811 2153 judicavit,
856 2068 1171 2151 edixitque
1206 2065 1578 2130 Consulibus
1607 2067 1698 2130 uti
1726 2067 2040 2131 deledhzrn
2067 2067 2386 2142 haberent,
2435 2073 2568 2132 Aru

252 2157 462 2219 tonius
491 2176 636 2218 cum
665 2155 939 2218 exercitu
962 2155 1285 2220 Catilinam
1308 2153 1747 2237 insequeretur,
1780 2155 2000 2219 Cicero
2023 2156 2194 2219 urbis
2220 2154 2567 2241 praefidium

252 2242 604 2326 susciperet.
688 2243 850 2306 Cum
882 2257 1086 2306 autem
1117 2244 1182 2306 in
1213 2242 1362 2305 urbe
1384 2242 1461 2304 de
1483 2244 1659 2308 sociis
1679 2244 1964 2307 Catilium
1987 2247 2268 2311 nondam
2290 2264 2571 2329 compen

254 2343 399 2394 tum
432 2330 596 2403 esset,
643 2329 858 2393 Cirero
884 2331 1129 2393 interim
1174 2330 1520 2396 Murenam
1552 2330 1896 2396 accusatum
1934 2331 2196 2396 ambitus
2225 2353 2371 2397 cum
2399 2332 2574 2397 Hor-

261 2417 454 2481 tenfio
485 2416 779 2481 defendit.
872 2417 1020 2505 Qua
1078 2418 1141 2481 in
1199 2419 1548 2486 defenfione
1587 2424 1642 2484 ei
1685 2420 1806 2484 fuit
1829 2420 2100 2499 inferior,
2145 2436 2282 2486 tum
2323 2428 2574 2507 propter

262 2505 498 2592 vigilias
555 2505 775 2578 mais.
836 2508 1009 2593 cujus
1068 2507 1293 2572 nullam
1345 2525 1575 2592 partem
1618 2513 1943 2591 quieverat,
1987 2523 2122 2576 tum
2179 2523 2419 2593 propter
2463 2530 2576 2575 eu-

261 2594 1728 2774 ωῇἒτῖἑδῖἷῧεεζῗιῗέἒῗδεῗζὲᾞὶώτοςυω
1754 2684 2022 2748 Romam
2044 2701 2366 2762 venerunt,
2396 2701 2468 2749 ut
2496 2684 2580 2750 de

262 2767 514 2834 suorum
537 2770 1009 2856 Magistratuum
1034 2775 1279 2836 avaritia
1302 2788 1723 2857 quererentur.
1771 2772 1867 2834 Illi
1891 2796 1927 2835 a
1946 2772 2100 2837 Pub.
2128 2774 2399 2839 Lentulo
2418 2773 2580 2835 Sura

264 2855 547 2922 felicitati
569 2858 731 2935 sunt,
759 2875 825 2923 et
852 2861 930 2924 ad
957 2860 1097 2926 suos
1112 2860 1333 2923 remiffi
1363 2883 1510 2926 cum
1538 2863 1752 2924 literis.
1827 2859 2175 2942 Recognita
2204 2878 2314 2942 per
2340 2857 2425 2945 Ω.
2461 2858 2577 2921 Fa·

265 2942 443 3007 bium
471 2945 762 3031 Sangam,
809 2949 918 3029 qui
968 2947 1407 3028 Allobrogibus
1437 2948 1666 3007 Romae
1696 2942 2205 3028 patrocinabatur,
2249 2945 2469 3012 Cicero
2496 2946 2573 3011 La

269 3027 527 3092 Valerio
552 3032 797 3104 Flacc0,
828 3045 893 3092 et
920 3032 997 3093 C.
1035 3030 1368 3113 Pomptino
1396 3030 1767 3115 Praetoribus
1798 3030 2136 3116 imperavit,
2178 3047 2245 3097 ut
2282 3036 2346 3097 in
2374 3032 2578 3099 Ponte

271 3116 498 3179 Milvio
527 3118 756 3203 legatos
786 3117 920 3180 illos
942 3116 1549 3204 comprehenderent.
1581 3118 2002 3205 quos‘summo
2026 3143 2203 3186 mane
2231 3124 2308 3186 ad
2337 3121 2579 3188 Consu-

269 3205 396 3269 lem
427 3226 570 3270 cum
602 3205 791 3269 literis
820 3202 1225 3270 deduxerunt.
1317 3227 1423 3271 111.
1468 3207 1684 3272 Nonas
1712 3207 1933 3272 Cicero
1960 3210 2264 3296 principes
2294 3213 2578 3298 conjura-

274 3292 459 3356 tionis
488 3293 565 3357 ad
594 3292 653 3358 se
681 3293 889 3357 venire
912 3293 1102 3381 juffit,
1132 3312 1465 3361 convocato
1483 3297 1550 3360 in
1575 3297 1771 3360 aedem
1805 3299 2161 3361 concordiae
2191 3299 2445 3373 Senatu,
2474 3298 2579 3363 ubi

272 3378 354 3443 T.
384 3381 723 3457 Vulturcii,
750 3400 814 3445 et
845 3382 1253 3469 Allobrogum
1285 3385 1521 3449 indiciis
1542 3385 1743 3449 omnis
1765 3385 2072 3470 patefacta
2100 3386 2186 3450 est
2217 3387 2577 3473 conjuratio.

274 3469 622 3533 introducti
650 3468 790 3533 sunt
818 3470 881 3533 in
909 3470 1230 3547 Senatum,
1276 3472 1711 3557 constitutique
1743 3489 2006 3557 quatuor
2047 3475 2157 3536 viri
2189 3494 2423 3559 graves,
2469 3474 2579 3558 qui

279 3559 487 3623 omnia
516 3558 791 3621 indicum
819 3558 1007 3636 diota,
1036 3562 1427 3647 interrogata,
1472 3575 1536 3624 et
1560 3561 1838 3646 responsa
1867 3560 2321 3646 perscriberent.
2363 3586 2368 3589 ·
2409 3559 2584 3626 Tum

276 3644 603 3722 Lentulus,
632 3645 967 3734 Cethegus,
997 3646 1294 3725 Statilius,
1320 3649 1646 3725 Gabinius,
1676 3665 1738 3713 et
1761 3649 2056 3734 Ceparius
2080 3672 2153 3713 ex
2177 3649 2585 3715 senatuscons-

274 3734 437 3798 sulto
464 3735 529 3797 in
562 3732 899 3799 custodiam
928 3736 1135 3799 traditi
1152 3735 1310 3799 sunt.
1378 3736 1470 3800 Eo
1491 3737 1591 3801 die
1619 3736 1881 3802 Senatus
1903 3737 2322 3802 testimonium
2343 3737 2584 3803 conser-

275 3838 433 3886 vatae
465 3821 649 3906 Reip.
681 3821 969 3887 Ciceroni
989 3824 1181 3899 dedit,
1205 3825 1373 3908 quod
1395 3825 1626 3889 nemini
1653 3824 1954 3890 haetenus
1977 3827 2320 3893 concefl‘um
2342 3841 2492 3899 erat,
2520 3836 2585 3888 et

277 3908 732 3995 supplicationis
760 3931 985 3997 genere
1006 3912 1287 3998 {iugulari
1308 3913 1558 3976 deorem
1576 3916 1804 3999 templa
1825 3914 2132 3998 patefecit.
2178 3915 2309 3991 Sub
2331 3913 2585 3978 nofitem

279 3998 642 4063 concionem
671 3998 886 4063 babuit
913 4001 991 4063 ad
1018 4002 1342 4085 populum,
1387 4002 1495 4085 qui
1522 4000 1812 4087 frequens
1840 4005 2068 4079 aderat,
2098 4004 2301 4088 eique,
2329 4002 2498 4085 quod
2520 4002 2586 4064 in

283 4084 515 4149 Senatu
542 4085 781 4173 gestum
811 4103 962 4164 erat,
990 4087 1293 4173 exposuit:
1336 4112 1372 4152 a
1400 4089 1698 4154 concione
1727 4091 1793 4154 in
1822 4092 2076 4155 domum
2107 4091 2229 4157 suae
2258 4090 2519 4153 vicinam
2548 4114 2586 4154 a

286 4176 515 4258 populo
542 4175 850 4240 deduEtus
878 4175 988 4251 cst,
1033 4178 1142 4261 qui
1170 4190 1320 4241 tunc
1347 4177 1412 4239 in
1442 4180 1578 4265 ejus
1606 4179 1839 4244 aedibus
1886 4192 2177 4243 matronae
2216 4194 2279 4241 et
2307 4175 2585 4243 Vestales

286 4260 479 4323 3011ae
512 4261 661 4326 Deae
691 4264 854 4328 sacra
883 4264 1209 4329 faciebant.
1277 4265 1477 4330 Nonis
1506 4265 1955 4332 Decembribus
1976 4267 2208 4332 Consul
2242 4265 2599 4336 admonitus¹

284 4346 378 4412 est
408 4350 675 4432 cogitare
702 4354 1037 4417 nonnullus
1064 4355 1143 4418 de
1171 4354 1442 4418 Lentulo
1488 4370 1555 4417 et
1581 4353 1859 4442 Cethego
1888 4354 2216 4439 eripiendis
2261 4377 2296 4417 e
2324 4372 2582 4421 carcere.

287 4434 394 4503 De
420 4438 497 4503 iis
514 4434 719 4509 statim
740 4441 817 4504 ad
843 4440 1141 4507 Senatum
1162 4444 1387 4508 retulit.
1454 4442 1684 4529 Rogati
1703 4443 1846 4509 sunt
1861 4442 2224 4511 sententiam
2242 4442 2586 4510 Senatores·
