2984 4942
468 396 597 467 m
1040 440 1050 447 .
1182 390 1281 456 Μ.
1302 348 1629 457 Τοιιη
1671 385 2148 455 emenonis*
2247 374 2266 395 “

467 528 883 613 908ιιὶρίεἰιιιη
912 525 1317 591 accusatorem
1347 527 1523 589 suum
1553 524 1931 601 numerabat,
1988 544 2113 587 non
2142 516 2606 605 competitorem
2623 542 2650 585 :·
2682 501 2752 585 ὖ

485 628 493 635 ’
550 625 671 683 vim
694 615 1137 690 denunciabat;
1183 613 1534 698 reipublicae
1577 612 1936 675 minabatur.
2028 609 2272 696 Quibus
2294 607 2498 683 rebus,
2543 612 2647 690 qui
2666 614 2750 673 ti·-

548 726 684 769 mor
713 704 888 767 bonis
904 701 1186 766 omnibus
1219 701 1480 787 injeEtus
1512 700 1602 777 fit,
1649 716 1984 784 quantaque
2006 697 2339 781 desperatio
2367 694 2749 779 reipublicae,

551 794 595 856 si
618 794 719 856 ille
736 791 938 855 faetus
966 790 1129 865 esset,
1172 790 1356 852 nolite
1385 812 1418 852 a
1450 811 1547 853 me
1565 788 1939 851 commoneri
1960 786 2113 849 velle
2138 807 2153 847 z
2197 782 2535 867 vosmetipsi
2557 784 2744 846 vobis-

552 902 698 946 cum
748 875 1186 953 recordamini3
1233 876 1588 939 meministis
1618 880 1777 938 enim
1837 897 1980 938 cum
2026 872 2182 935 illius
2219 871 2478 933 nefarii!
2520 871 2743 956 gladia·-

476 968 708 1033 9'5toris
760 988 936 1029 voces
960 965 1441 1046 percrebuissent,
1485 985 1629 1046 quas
1679 963 1943 1026 habuifl‘e
1986 960 2050 1022 in
2087 960 2380 1023 concione
2421 958 2748 1023 domestica

482 1058 489 1099 ἶ
551 1055 884 1129 dicebatur,
932 1074 1074 1116 cum
1105 1052 1457 1115 miserorum
1503 1051 1746 1113 fidelem
1777 1047 2155 1112 defensorem
2184 1045 2446 1130 negasset
2493 1046 2746 1110 inveniri

552 1143 729 1227 posse,
774 1143 881 1204 nisi
912 1161 1053 1204 eum
1085 1145 1188 1224 qui
1224 1141 1341 1223 ipse
1375 1138 1549 1203 miser
1589 1138 1771 1201 effet:
1818 1143 2189 1221 integrorum
2220 1148 2281 1197 et
2309 1134 2746 1198 fortunatorum

554 1229 851 1317 promiffis
900 1228 1129 1290 saucios
1180 1244 1241 1291 et
1283 1226 1526 1292 miseros
1571 1227 1815 1289 credere
1865 1246 1989 1287 non
2039 1237 2316 1308 oportere
2342 1245 2358 1284 z
2424 1243 2601 1303 quare
2649 1222 2748 1303 qui

553 1317 911 1401 consumpta
932 1317 1186 1401 replere,
1216 1330 1415 1398 erepta
1431 1334 1780 1397 recuperare
1798 1314 2044 1389 vellent,
2091 1310 2430 1394 spectarent
2453 1311 2599 1391 quid
2628 1310 2752 1393 ipse

472 1406 835 1480 loodeberet,
881 1405 1025 1487 quid
1076 1404 1411 1487 possideret,
1460 1402 1601 1487 quid
1661 1403 1908 1464 auderet
1934 1423 1949 1462 :
2023 1398 2274 1461 minime
2329 1397 2642 1474 timidum,
2692 1412 2749 1459 et

554 1494 728 1557 valde
756 1492 1168 1554 calamitosum
1192 1491 1305 1554 effe
1323 1504 1597 1569 oportere
1616 1509 1781 1563 eum,
1841 1488 1943 1570 qui
1972 1487 2113 1548 effet
2142 1485 2379 1549 futurus
2402 1486 2527 1547 dux
2559 1499 2624 1546 et
2644 1484 2750 1570 fig-

559 1579 720 1643 nifer
750 1578 1247 1641 calamitosorum.
1338 1576 1500 1637 Tum
1524 1575 1729 1659 igitur,
1773 1573 1864 1637 his
1907 1573 2088 1636 rebus
2117 1573 2355 1648 auditiS,
2397 1571 2750 1635 meministis

567 1665 703 1727 fieri
733 1662 1321 1736 senatusconsultum,
1351 1660 1651 1724 referente
1681 1683 1804 1738 me,
1848 1682 1926 1723 ne
1956 1660 2191 1742 postero
2234 1659 2336 1722 die
2375 1659 2625 1723 comitia
2651 1660 2752 1723 ha-

560 1752 873 1825 berentur,
918 1764 984 1813 ut
1012 1750 1088 1811 de
1117 1750 1212 1810 his
1240 1748 1415 1812 rebus
1446 1748 1511 1810 in
1539 1749 1770 1816 Senatu
1799 1770 1975 1833 agere
2005 1748 2324 1832 possemus.
2411 1746 2632 1830 Itaque
2650 1769 2753 1831 po-

476 1837 768 1905 105stridie
790 1836 1095 1919 frequenti
1138 1834 1368 1899 Senatu
1398 1835 1724 1899 Catilinam
1749 1836 2025 1911 excitavi,
2070 1850 2253 1919 atque
2276 1856 2418 1898 eum
2447 1835 2526 1897 de
2546 1835 2645 1897 his
2661 1857 2753 1898 re-

551 1925 669 1988 bus
685 1923 845 2010 juffi,
868 1925 908 1986 si
931 1924 1076 2006 quid
1103 1925 1303 1998 vellet,
1333 1946 1471 2007 quae
1497 1925 1579 1989 ,ad
1602 1946 1701 1987 me
1724 1925 1921 1988 allatae
1945 1924 2149 1998 essent,
2173 1925 2389 1999 dicere.
2412 1923 2612 2006 Atqui
2636 1924 2752 1999 ille,

553 2027 623 2077 ut
666 2012 896 2094 semper
924 2012 1043 2073 fuit
1072 2011 1485 2094 apertissimus»,
1530 2034 1656 2075 non
1686 2012 1744 2075 se
1774 2017 2071 2096 purgavit,
2117 2010 2218 2073 sed
2243 2010 2549 2086 indicavit,
2577 2026 2751 2093 atque

552 2101 772 2164 innuit.
832 2099 1001 2163 Tum
1019 2100 1183 2162 enim
1206 2099 1380 2174 dixit,
1411 2101 1535 2162 duo
1557 2121 1809 2185 corpora
1825 2101 1939 2164 effe
1949 2100 2102 2183 reip.
2120 2102 2314 2162 unum
2334 2099 2552 2173 debile,
2587 2098 2750 2161 infir-

554 2211 658 2252 mo
679 2188 903 2272 capite;
927 2188 1179 2250 alterum
1191 2186 1433 2251 firmum
1458 2187 1578 2250 fine
1601 2188 1821 2272 capite:
1839 2187 2008 2263 huic,
2029 2209 2172 2251 cum
2193 2186 2276 2248 ita
2291 2187 2369 2250 de
2386 2185 2449 2249 se
2469 2187 2750 2249 meritum

476 2275 729 2350 lloess'et,
773 2286 977 2358 caput,
1022 2272 1082 2336 se
1116 2280 1273 2350 vivo,
1320 2296 1447 2338 non
1476 2276 1854 2340 defuturum.
1941 2274 2314 2362 Congemuit
2342 2273 2607 2337 Senatus
2635 2274 2747 2335 fre-

555 2383 771 2444 quens,
836 2382 1043 2445 neque
1091 2376 1293 2426 tamen
1352 2363 1485 2426 satis
1537 2364 1737 2427 severe
1789 2384 1903 2448 pro
1951 2362 2037 2427 rei
2072 2363 2428 2448 indignitate
2467 2362 2746 2425 decrevit.

549 2448 718 2527 Nam
746 2449 964 2533 partim
993 2448 1132 2541 ideo
1159 2450 1347 2513 fortes
1375 2451 1439 2511 in
1468 2450 1852 2514 decernendo
1880 2470 2006 2512 non
2058 2464 2251 2525 erant,
2297 2449 2429 2530 quia
2482 2448 2633 2513 nibil
2679 2449 2749 2510 ti·

554 2536 820 2614 mebant,
864 2536 1017 2621 parti
1112 2538 1250 2618 quia
1266 2536 1583 2599 timebant.
1665 2537 1835 2601 Tum
1864 2535 2053 2617 erupit
2070 2556 2105 2598 e
2122 2536 2349 2599 Senatu
2371 2536 2747 2621 triumphans

551 2624 796 2710 gaudio,
826 2646 1012 2707 quem
1084 2626 1294 2687 mnino
1321 2624 1527 2685 vivum
1551 2622 1714 2687 illinc
1734 2618 1899 2686 exire
1927 2643 2053 2684 non
2081 2637 2438 2705 oportuerat
2460 2648 2478 2685 ε
2509 2623 2751 2707 praeser-

471 2712 672 2779 115tim
717 2732 861 2775 cum
891 2711 1054 2775 idem
1085 2712 1184 2774 ille
1227 2711 1290 2772 in
1320 2710 1539 2773 eodem
1577 2711 1789 2775 ordine
1819 2709 2030 2795 paucis
2049 2708 2263 2771 diebus
2292 2720 2457 2783 ante,
2506 2710 2742 2785 Catoni,

465 2837 473 2845 ·
551 2798 867 2864 fortiffimo
894 2800 1045 2874 viro,
1100 2798 1391 2884 judicium
1428 2798 1762 2873 minitanti,
1812 2820 1881 2865 ac
1922 2796 2315 2861 denuncianti
2342 2795 2747 2881 respondisset,

559 2885 600 2950 fi
632 2888 795 2969 quod
820 2887 963 2951 esset
991 2887 1055 2948 in
1086 2886 1218 2948 suas
1248 2881 1524 2950 forttsnas
1555 2884 1906 2950 incendium
1950 2885 2302 2960 excitatum,
2347 2884 2410 2947 id
2446 2884 2506 2947 se
2537 2907 2662 2948 non
2689 2906 2749 2946 a·

555 2995 679 3056 qua
707 2974 809 3037 sed
838 2975 1006 3039 ruina
1034 2973 1483 3039 restincturum.
1574 2973 1694 3038 His
1727 2988 1862 3037 tum
1884 2972 2062 3039 rebus
2091 2984 2459 3046 commotuS,
2504 2987 2565 3036 et
2589 2972 2750 3056 quod

552 3059 829 3124 homines
844 3062 974 3144 jam
997 3076 1131 3123 tum
1164 3064 1514 3149 conjuratos
1535 3083 1678 3127 cum
1702 3063 1917 3148 gladiis
1935 3063 2000 3125 in
2021 3079 2303 3142 campum
2332 3061 2551 3123 deduci
2577 3081 2612 3122 a
2634 3058 2749 3122 Ca·-

472 3147 733 3215 icotilina
761 3145 1043 3222 sciebam,
1086 3147 1375 3214 descendi
1397 3155 1459 3214 in
1488 3171 1778 3234 campum
1810 3170 1952 3213 cum
1973 3147 2304 3213 firmiffimo
2325 3146 2594 3233 praefidio
2621 3146 2748 3210 for·

1457 3334 1470 3381 Ι
1502 3326 1778 3391 catilina.

532 3501 610 3546 93.
643 3499 697 3548 Si
718 3499 969 3559 illesoectur
983 3500 1137 3560 esset]
1157 3502 1404 3552 Permittit
1430 3499 1570 3560 jndi-
1635 3500 1847 3559 primum
1870 3514 2046 3563 eorpus
2067 3501 2209 3561 enjus
2234 3505 2424 3562 Cicero,
2459 3502 2595 3565 qnasi
2622 3506 2742 3554 con-

465 3562 601 3612 cibus
616 3564 829 3625 cogitare
845 3566 906 3613 de
931 3568 1070 3615 malis
1084 3581 1195 3627 quae
1214 3567 1404 3626 reipub.
1426 3563 1571 3613 obve-
1634 3564 1724 3620 sul,
1751 3574 1903 3624 caput
1917 3574 2039 3616 erat.
2078 3569 2174 3616 Per
2194 3570 2479 3627 seecundum,
2498 3572 2744 3630 populum,

460 3631 663 3686 uiuent,
678 3629 718 3677 si
743 3630 953 3679 Catilina
971 3630 1130 3683 factus
1141 3638 1269 3679 esset
1290 3632 1487 3678 Consul.
1635 3628 1713 3677 cui
1736 3643 1788 3676 se
1803 3640 1955 3687 caput
1976 3630 2242 3693 adjungere
2263 3637 2386 3682 velle
2407 3632 2726 3693 significabat.

540 3698 647 3746 106.
663 3696 818 3759 Atqui
838 3693 956 3754 itta]
994 3699 1069 3745 Ex
1113 3697 1389 3751 Plutarcho,
1426 3693 1571 3742 Cice·
1707 3697 1811 3743 118.
1836 3694 2118 3754 Sedunum]
2159 3699 2340 3746 Minati
2363 3697 2621 3745 videbatur
2651 3699 2746 3745 Ca·

462 3773 518 3807 xo
536 3759 642 3820 ipso
672 3759 979 3809 comitiorum
1021 3763 1099 3809 die
1128 3759 1296 3808 retulit
1314 3758 1377 3806 ad
1419 3762 1571 3809 Sena·
1634 3757 1794 3814 tilina,
1810 3757 1912 3807 fore
1928 3768 1998 3819 ut,
2018 3761 2191 3822 siquid
2205 3773 2437 3811 contr-ase
2454 3768 2741 3819 tentaretur,

462 3830 568 3873 tum
602 3825 663 3873 de
692 3825 765 3883 iis,
816 3839 929 3888 quae
963 3827 1212 3873 audiverat
1243 3824 1304 3871 de
1344 3823 1571 3872 Catilium
1631 3823 1979 3872 omniaultima
1997 3826 2315 3887 experiretur.

460 3887 817 3950 conjuratione.
851 3921 855 3924 >
883 3892 1005 3938 Cum
1035 3896 1199 3935 autem
1225 3886 1440 3935 Catilina
1461 3901 1571 3936 cre·
1703 3890 1812 3937 120.
1852 3888 2083 3938 Descende·
2118 3892 2167 3938 in
2211 3889 2459 3952 campum]
2493 3892 2618 3940 Cum
2654 3891 2740 3939 sibi

460 3955 598 4002 deret
613 3957 793 4003 multos
806 3966 910 3999 esee
934 3954 982 4000 iu
1003 3956 1201 4007 Senatu,
1215 3951 1298 4011 qui
1316 3953 1462 4000 rebus
1480 3966 1570 4000 no·-
1631 3952 1818 4014 aliquid
1849 3959 2088 4003 metueret
2108 3969 2141 4003 n.
2172 3956 2389 4004 Catilina
2413 3957 2617 4009 Ciceros
2661 3970 2745 4003 ve-

458 4018 531 4067 vis
545 4020 812 4074 studerent,
844 4024 995 4075 atque
1015 4024 1069 4063 ut
1092 4016 1345 4064 audaciam
1360 4023 1577 4067 oetentn-
1639 4019 1715 4067 nit
1769 4019 1820 4065 in
1871 4033 2105 4081 campum
2143 4019 2381 4069 Martium
2439 4020 2503 4069 ad
2553 4019 2745 4069 comitia

458 4090 538 4131 ret
556 4080 839 4133 mollissime
875 4080 1101 4129 Ciceroni
1140 4080 1246 4129 haec
1285 4081 1570 4143 respondit:
1637 4083 1846 4144 stipatus
1893 4098 2069 4144 magno
2108 4082 2349 4143 juvenum
2412 4086 2630 4145 agmine,
2696 4088 2744 4133 et

457 4146 743 4211 Quidpecco,
762 4144 805 4191 si
822 4144 1013 4191 (horum
1027 4155 1279 4204 corporum,
1299 4156 1487 4209 quorum
1504 4149 1576 4195 al·
1640 4149 1840 4198 thorace
1862 4147 2078 4206 indutus,
2104 4163 2204 4209 qua
2233 4149 2327 4199 sibi
2361 4148 2633 4210 periculum
2654 4152 2742 4199 im·

460 4218 607 4260 terum
644 4216 781 4273 capue
818 4207 998 4266 habeat,
1030 4209 1114 4256 sed
1144 4227 1313 4272 oegrum
1338 4217 1385 4258 et
1426 4219 1578 4275 perte-
1642 4214 1828 4263 minere
1859 4212 2162 4271 declarabat,
2217 4216 2343 4263 unde
2395 4214 2636 4275 indignati
2674 4215 2740 4262 ci·

456 4289 547 4321 mee
564 4294 586 4332 ‚-
630 4275 935 4325 alterumeine
975 4274 1141 4337 capite,
1178 4274 1377 4323 validum
1406 4276 1490 4325 sed
1524 4284 1569 4324 et
1631 4291 1734 4335 ves,
1765 4278 1818 4326 in
1855 4276 2119 4327 Catilinam
2145 4278 2394 4338 commoti,
2430 4280 2493 4326 ad
2545 4279 2742 4327 Cicero·

452 4346 741 4410 prepotens.-
796 4340 900 4387 lmic
939 4353 1007 4386 me
1052 4347 1187 4401 caput
1226 4340 1435 4399 adjicio?
1481 4342 1570 4390 Al-
1632 4357 1747 4390 nem
1792 4341 2009 4391 animum
2042 4342 2345 4404 adjecerunt,
2387 4351 2542 4405 atque
2579 4342 2629 4392 in
2661 4356 2740 4391 co·

445 4402 672 4463 ‚legor-tce
687 4403 1175 4458 videbatui-senatum
1191 4405 1459 4469 intelligere
1474 4418 1570 4469 per
1632 4406 1786 4458 mitiis
1819 4406 1997 4461 iterum
2039 4407 2253 4462 Catilina
2280 4411 2507 4471 repulsus
2551 4415 2643 4467 est,
2692 4413 2740 4455 et
