2984 4942
284 1124 295 1163 l

474 376 574 439 ni
1166 366 1260 443 M.
1305 370 1582 443 TULLI
1627 361 2091 444 crcERole

470 510 717 577 Silanus
734 508 1003 573 decrevit
1026 509 1094 572 in
1120 531 1226 573 eos
1247 509 1536 573 ultimum
1575 509 1959 596 supplicium.
2052 513 2263 579 Plures
2287 516 2426 602 ejus
2453 508 2767 591 lenientis

471 598 845 681 acquievere.
913 597 1166 662 Censuit
1192 597 1272 660 T.
1302 596 1498 674 Nero,
1543 611 1615 661 ut
1635 599 1698 660 in
1728 599 1985 664 vinculis
2006 615 2387 681 tenerentur;
2431 606 2504 670 C.
2539 608 2766 688 Caesar,

472 702 543 750 ut
570 685 744 750 bonis
764 706 979 749 eorum
1003 685 1321 772 publicatis
1343 706 1453 767 per
1476 686 1808 769 municipia
1829 687 2384 755 circumferrentur.
2455 693 2673 759 Cicero
2694 698 2770 761 in

468 790 792 859 utramque
821 790 1053 859 partem
1075 774 1362 849 differuit,
1391 794 1462 836 ac
1492 772 1576 836 ita
1603 772 1777 848 dixit,
1809 789 1876 836 ut
1897 773 2100 838 favere
2129 778 2332 860 potius
2352 778 2542 845 Silani
2574 805 2760 868 quam

466 862 724 926 aliorum
742 862 1057 927 sententiae
1076 861 1395 925 videretur.
1444 864 1524 927 Et
1551 860 1690 925 haec
1719 875 1933 945 quarta
1953 863 2086 949 ejus
2115 865 2181 929 in
2209 865 2537 932 Catilinam
2567 872 2759 935 oratio

466 948 602 1014 fuit.
675 950 926 1034 Reliqui
952 949 1273 1013 Senatores
1301 946 1528 1013 caesari
1557 948 1807 1033 quidem
1829 949 2279 1030 mentiebatur,
2311 954 2412 1018 sed
2435 976 2577 1020 cum
2602 958 2760 1023 Cato

464 1037 779 1102 Tribunus
801 1036 992 1121 plebis
1014 1036 1372 1101 sententiam
1392 1052 1642 1124 rogatus
1663 1037 1826 1111 effet,
1858 1052 2024 1101 tanta
2043 1043 2435 1106 contentione
2456 1043 2630 1123 dixit,
2661 1062 2758 1125 ut,

461 1127 573 1210 qni
601 1148 705 1190 eos
733 1147 768 1188 a
796 1138 992 1188 morte
1012 1124 1370 1199 eximerent,
1398 1122 1708 1212 suspectos
1729 1125 2140 1210 conjuratonis
2162 1131 2470 1195 redderet:
2514 1144 2605 1195 tot
2625 1133 2765 1197 lau-

461 1214 635 1279 dibus
665 1212 1065 1289 sedulitatem,
1108 1226 1173 1275 et
1198 1215 1487 1277 virtutem
1518 1212 1801 1279 Consulis
1848 1215 2088 1291 extulit,
2134 1231 2203 1280 ut
2233 1220 2367 1304 ejus
2396 1218 2768 1289 sententiam

461 1301 713 1365 universa
744 1300 930 1364 secuti
961 1299 1089 1364 fint.
1167 1300 1383 1385 Itaque
1408 1302 1650 1368 saelum
1671 1300 1759 1364 est
1780 1300 2382 1371 senatusconsultum
2411 1307 2475 1369 in
2505 1305 2765 1371 Catonis

456 1387 837 1463 sententiam,
856 1407 982 1472 quo
1006 1388 1330 1466 Lentulus,
1351 1389 1686 1475 Cethegus,
1708 1389 2005 1465 Statilius,
2030 1392 2356 1469 Gabinius,
2379 1412 2440 1458 et
2462 1393 2764 1478 Cepariue

454 1480 542 1540 rei
572 1475 1007 1563 conjurationis
1038 1490 1233 1537 morte
1259 1477 1503 1539 multati
1526 1479 1689 1539 sunt:
1733 1488 1920 1558 atque
1947 1477 2029 1538 ita
2059 1477 2278 1541 Cicero
2308 1481 2429 1544 fine
2458 1485 2762 1559 tumultu,

452 1564 577 1627 fine
606 1567 809 1639 armis,
840 1561 962 1623 fine
985 1562 1277 1636 exercitu,
1307 1560 1554 1627 sublatis
1583 1563 1700 1625 illis
1727 1560 2101 1638 hominibus,
2123 1564 2537 1631 internecione
2566 1571 2758 1646 cives,

454 1651 666 1715 urbem
711 1650 993 1722 flammis,
1043 1648 1356 1732 Rempub.
1388 1651 1729 1734 perditione
1775 1648 2050 1713 liberavit
2116 1651 2352 1716 Mirum
2384 1669 2590 1718 autem
2628 1656 2758 1722 fuit

454 1760 577 1824 quo
605 1739 818 1824 plausu
847 1737 957 1805 sub
987 1735 1292 1821 vesperam
1324 1737 1388 1801 in
1420 1739 1675 1803 domum
1723 1734 1942 1800 Cicero
1984 1738 2277 1803 reductus
2306 1740 2422 1806 est:
2465 1765 2608 1807 nam
2646 1745 2752 1808 alii

348 1820 357 1825 ⁴
451 1848 598 1890 eum
626 1830 834 1913 pauiae
862 1825 1269 1901 liberatorem,
1314 1826 1413 1891 alii
1442 1827 1946 1900 conservatorem,
1996 1825 2096 1887 alii
2139 1828 2526 1893 conditorum
2570 1852 2751 1897 voca-

447 1915 611 1980 bant.
689 1917 930 1981 Craffus
958 1914 1159 1999 palam
1189 1913 1365 1991 dixit,
1394 1913 1476 1992 se,
1508 1916 1673 2001 quod
1703 1912 1845 1975 effet
1872 1910 2150 1989 Senator,
2181 1917 2348 1999 quod
2379 1919 2548 1994 civis,
2577 1922 2748 2004 quod

446 2002 622 2081 liber,
650 2003 938 2072 Ciceroni
955 2016 1275 2088 acceptum
1304 2003 1530 2069 referre
1616 2004 1670 2065 E
1718 1998 1892 2086 Syria
1919 2002 2222 2067 decedens
2249 2003 2581 2090 Pompeius
2602 2029 2748 2092 pro·-

445 2093 758 2159 nunciavit
785 2096 847 2159 se
876 2094 1192 2161 Ciceronis
1220 2090 1521 2155 beneficio
1561 2090 1814 2174 patriam
1845 2087 2111 2152 visurum
2143 2090 2283 2169 effe,
2327 2113 2397 2156 ac
2436 2092 2654 2158 frustra
2682 2097 2747 2161 se

442 2181 693 2244 tertium
722 2179 1104 2265 triumphum
1135 2178 1616 2258 deportaturum,
1646 2175 1754 2239 nili
1784 2176 1918 2262 ejus
1944 2175 2245 2242 beneficio
2291 2178 2585 2265 Rempub
2636 2182 2746 2247 ubi

441 2268 866 2353 triumpharet,
886 2268 1032 2332 effet
1054 2262 1388 2328 habiturus,
1462 2264 1531 2352 Q
1572 2264 1854 2341 Catulus,
1883 2263 2144 2330 Senatus
2173 2266 2490 2355 Princeps,
2513 2270 2742 2354 altique

439 2376 587 2422 cum
610 2379 685 2421 eo
705 2355 951 2441 plurimi
980 2372 1126 2415 eum
1155 2368 1466 2435 parentem
1489 2355 1704 2438 patriae
1733 2351 2137 2419 nominarunt.

526 2444 675 2508 Non
696 2445 946 2511 defuere
965 2439 1070 2525 qui
1091 2439 1569 2525 gloriofiffimum
1590 2441 1904 2506 Ciceronis
1922 2441 2159 2507 facinus
2178 2443 2243 2506 in
2265 2444 2554 2509 invidiam
2577 2460 2738 2511 trax-

441 2533 562 2605 fite,
572 2531 637 2594 in
654 2532 862 2616 primis
881 2527 1171 2593 Metellus
1187 2542 1251 2590 et
1268 2527 1465 2615 Bestia
1484 2530 1627 2593 novi
1642 2529 1904 2594 Tribuni
1923 2530 2246 2612 plebis,sed
2266 2531 2559 2597 Metellus
2575 2556 2735 2620 prae.

439 2617 666 2693 sertim,
695 2618 803 2703 qui
831 2617 1024 2702 pridie
1047 2615 1185 2678 Kal.
1219 2613 1252 2681 J
1257 2618 1486 2680 anuarii
1519 2638 1662 2683 eum
1694 2618 2019 2681 abeuntem
2050 2620 2402 2705 magistratu
2423 2623 2736 2688 concionis

435 2703 734 2771 habendae
762 2703 1053 2788 potestate
1076 2703 1346 2788 privavit.
1410 2710 1500 2770 At
1521 2707 1585 2769 id
1609 2727 1732 2769 non
1757 2705 1941 2769 modo
1964 2726 2089 2768 non
2111 2707 2311 2771 obfuit
2328 2708 2635 2787 Ciceroni,
2664 2727 2738 2776 ut

435 2793 618 2859 etiam
648 2791 905 2856 summae
932 2794 1065 2880 ejus
1094 2792 1255 2856 laudi
1279 2794 1531 2858 cesserit.
1592 2794 1784 2872 Nam,
1811 2813 1956 2857 cum
1979 2794 2079 2858 ille
2099 2809 2338 2859 tantum
2362 2816 2506 2859 eum
2528 2800 2738 2884 jurare

434 2883 829 2967 permitteret,
853 2880 1325 2966 Rempublicam
1344 2898 1406 2946 et
1429 2882 1646 2945 urbem
1666 2882 1770 2946 sua
1788 2883 1969 2945 unius
1991 2903 2175 2966 opera
2192 2883 2308 2947 esse
2331 2882 2548 2946 salvam
2565 2887 2737 2970 j'ura·

432 2968 537 3032 vit.
582 2968 751 3034 Huic
773 2971 1034 3054 populus
1053 2968 1300 3033 afl'enfit.
1344 2969 1513 3033 Nam
1529 2990 1752 3056 magna
1770 2991 1922 3034 voce
1939 2991 2084 3033 eum
2101 2991 2241 3035 vere
2251 2970 2471 3056 juraffe
2484 2973 2746 3058 juravit}-

930 3092 1242 3157 ANNUS
1284 3091 1553 3157 URBIS
1601 3092 2033 3158 CONDITAE
2078 3100 2224 3165 691.

441 3204 572 3293 C'qff
611 3205 798 3294 Junio
822 3204 1032 3281 Silano,
1075 3204 1159 3270 L.
1193 3202 1418 3266 Licinio
1447 3202 1750 3278 Murena,
1792 3216 1926 3265 ante
1975 3203 2254 3291 Cha-{stum
2296 3210 2398 3272 61,
2454 3207 2733 3271 Ciceronis

1213 3290 1661 3376 quadragefimus
1691 3292 1926 3375 quintus

515 3402 589 3469 L.
624 3401 886 3467 Catilina
915 3400 1048 3487 post
1078 3399 1386 3465 deteEtam
1418 3414 1601 3483 atque
1631 3400 1909 3485 punitam
1942 3399 2007 3462 in
2038 3399 2188 3465 urbe
2216 3401 2728 3488 conjurationem,

426 3510 571 3554 cum
602 3492 900 3567 exercitu,
932 3510 1115 3573 quem
1149 3490 1474 3573 collegerat
1505 3487 1561 3550 C
1613 3486 1887 3551 Manlius
1908 3490 1974 3551 in
1995 3487 2257 3566 Etruria,
2276 3489 2594 3577 profugus,
2620 3493 2728 3559 de·-

426 3572 812 3643 sciscentibus
843 3580 1073 3651 mulne,
1102 3578 1251 3641 dum
1275 3597 1384 3662 per
1407 3576 1678 3641 tramites
1708 3593 1891 3659 atque
1919 3577 2079 3642 invia
2101 3592 2355 3641 conatur
2376 3577 2434 3641 se
2457 3581 2729 3665 proripe-

424 3684 494 3729 re
522 3667 586 3731 in
618 3668 886 3730 Galliam
906 3664 1390 3750 Transalpinam,
1414 3664 1477 3729 in
1507 3685 1649 3749 agra
1676 3662 2016 3727 Pistorienfi
2048 3687 2083 3727 a
2111 3663 2168 3728 C
2223 3666 2514 3742 Antonio,
2543 3682 2605 3731 et
2635 3669 2722 3769 Q„

427 3750 688 3818 Metello
707 3757 921 3835 Celere
942 3752 1154 3817 claufis
1175 3753 1491 3816 itineribus
1509 3754 1590 3816 ob
1610 3752 1787 3828 effus„
1810 3752 1879 3821 C,
1910 3754 2167 3818 Antonii
2187 3751 2443 3819 Procon.
2471 3755 2725 3839 auspici·

424 3841 477 3904 is
506 3865 540 3904 a
570 3843 663 3910 M.
684 3841 926 3905 Petreio
954 3843 1087 3929 ejus
1108 3842 1309 3928 legato
1339 3862 1465 3905 uno
1484 3840 1780 3909 conflictu
1802 3840 2027 3915 vietus,
2055 3840 2180 3926 ipse
2207 3862 2352 3907 cum
2377 3841 2496 3907 suis
2523 3844 2723 3907 omni-

418 3928 540 3995 ‚bus
568 3930 878 3995 fortiffime
900 3916 1195 3994 dimicans
1225 3930 1459 3997 cecidit.
1554 3928 1870 4006 Metellus,
1913 3928 2230 3993 Tribunus
2260 3929 2476 4014 plebis,
2505 3933 2583 3995 ad
2612 3953 2723 4015 po-

422 4020 641 4105 pulum
672 4019 822 4105 egit,
843 4019 1023 4082 tertio
1053 4039 1299 4100 quoque
1330 4017 1451 4082 suae
1479 4017 1768 4081 orationis
1789 4017 1973 4082 verbo
1996 4019 2360 4089 Ciceronem
2388 4020 2722 4108 appellans,

422 4122 487 4170 et
507 4126 767 4193 arguens
795 4106 855 4170 ei
884 4128 1007 4169 non
1037 4106 1263 4169 licuiffe
1284 4106 1645 4183 Lentulum,
1677 4105 2050 4191 Cethegum,
2073 4120 2138 4170 et
2158 4106 2424 4191 reliquos
2445 4107 2606 4173 cives
2626 4106 2720 4170 in·

422 4194 586 4261 duaa
617 4192 789 4259 causa
818 4194 1047 4261 necaffe
1157 4194 1376 4258 Cicero
1404 4193 1551 4257 forti
1578 4194 1783 4258 animo
1812 4194 1867 4259 ei
1898 4193 2137 4271 restitit,
2173 4209 2239 4258 et
2264 4210 2476 4261 contra
2504 4196 2709 4265 concie

420 4298 605 4345 onem
646 4282 886 4346 Metelli
938 4280 1185 4367 scripsit,
1242 4304 1389 4348 cum
1434 4283 1537 4345 ille
1583 4282 1747 4367 prior
1792 4281 2117 4366 scriplisset.
2205 4279 2505 4345 Defendit
2550 4283 2708 4348 circa

422 4367 586 4441 idem
614 4383 857 4455 tempus
884 4369 935 4434 P
987 4371 1347 4437 Cornelium
1387 4369 1646 4446 Sullam,
1690 4372 1800 4452 qui
1827 4393 1862 4434 a
1899 4369 1955 4433 L
2014 4369 2332 4453 Torquato
2361 4370 2439 4433 de
2481 4370 2711 4455 duplici

420 4458 837 4542 conjuratione
865 4458 1270 4526 accusabatur.
1332 4459 1433 4524 De
1462 4462 1661 4543 priore
1690 4458 1844 4531 dixit
1869 4457 2254 4535 Hortensius,
2283 4458 2360 4521 de
2389 4458 2714 4542 posteriore
