2984 4942
808 351 1157 450 ORATIO
1199 382 1382 448 Pno
1416 381 1501 445 L.
1547 381 1992 450 MURAENA.
2407 393 2554 454 ιω

244 518 659 601 -municipium
690 517 1211 600 *antiquissimum
1283 516 1661 581 consulatum
1726 519 2006 581 attuliflet'
2022 543 2038 581 ι
2094 539 2256 582 nunc
2291 519 2473 584 'idem

242 605 539 689 .squalore
568 603 866 680 sordidus,
912 604 1231 673 confectus
1253 604 1486 682 morbo,
1505 604 1784 690 lacrymis
1813 626 1883 671 ac
1903 626 2157 669 moerore
2179 608 2471 691 perditus,

238 692 459 755 -vester
486 691 574 755 est
606 690 872 776 supplex,
905 693 938 758 J
948 694 1173 770 udices,
1202 691 1460 756 vestram
1490 708 1522 740 ὃ
1556 692 1744 754 fidem
1765 691 2114 768 obtestatur,
2144 694 2473 759 misericor-

234 781 422 843 -diam
448 781 749 861 implorat,
779 780 1035 844 vestram
1065 781 1425 866 potestatem
1454 802 1526 843 ac
1553 778 1778 843 vestras
1805 801 1952 864 opes
1979 782 2264 845 intuetur.
2333 784 2467 847 No-

236 868 388 941 dite,
418 889 526 951 per
555 869 699 932 deos
728 869 1123 946 immortales»,
1177 869 1209 934 J
1215 866 1444 945 udices,
1503 869 1618 932 hac
1648 888 1794 932 eum
1823 889 1912 942 re,
1954 890 2069 950 qua
2087 868 2144 930 se
2173 868 2556 937 honestioats

241 973 395 1017 'rem
430 954 562 1017 fote
608 961 863 1038 putavit,
906 956 1092 1020 etiam
1144 955 1384 1022 caeteris
1412 970 1569 1019 ante.
1609 956 1797 1040 partis
1816 954 2248 1032 honestatibus,
2296 974 2472 1043 atque

256 1043 429 1104 omni
457 1043 754 1127 dignitate
784 1045 1152 1130 fortunaque
1181 1045 1435 1129 privare.
1529 1046 1732 1126 Atque
1777 1044 1861 1106 ita
1889 1064 1997 1107 vos
2025 1042 2338 1121 Muraena,
2371 1046 2402 1110 J
2409 1071 2475 1111 u-

258 1129 445 1206 diceS,
500 1145 632 1193 orat
662 1146 842 1214 atque
859 1133 1149 1209 obsecrat,
1172 1133 1215 1193 fi
1246 1131 1468 1217 injuste
1497 1137 1806 1195 neminem
1837 1132 2007 1207 laesit,
2041 1131 2079 1193 fi
2123 1133 2350 1194 nullius
2370 1155 2477 1197 au-

228 1236 353 1281 ¹rest,
382 1219 830 1299 voluptatemve
849 1222 1110 1296 violavit,
1143 1220 1181 1282 fi
1206 1224 1453 1294 nemini,
1507 1234 1577 1282 ut
1603 1219 1888 1285 leviflime
1909 1220 2133 1297 dicam,
2192 1218 2476 1284 odionec

228 1305 438 1379 domi,
480 1327 594 1369 nec
628 1308 852 1370 militiae
883 1307 1032 1385 fuit3
1082 1309 1150 1370 fit
1179 1307 1337 1390 apud
1359 1328 1468 1371 vos
1512 1306 1826 1373 modestiae
1856 1309 2057 1383 locuS,
2088 1305 2159 1369 fit
2185 1311 2222 1358 b
2258 1306 2562 1375 demis-20

256 1391 331 1454 fis
370 1392 724 1457 hominibus
774 1395 1149 1482 perfugium,
1214 1396 1284 1458 fit
1329 1395 1625 1460 auxilium
1671 1396 1903 1478 pudori.
1995 1394 2481 1459 Misericordiam

258 1478 532 1559 spoliatio
584 1483 928 1553 consulatus
972 1505 1257 1569 magnam
1295 1482 1519 1547 habere
1570 1484 1775 1559 debet,
1822 1483 1854 1547 J
1861 1484 2092 1546 udices:
2137 1504 2260 1546 una
2311 1482 2478 1547 enim

246 1565 335 1628 eri
384 1566 589 1629 iuntur
618 1589 762 1630 cum
814 1570 1124 1634 consulatu
1169 1569 1411 1643 omnia3
1458 1571 1750 1632 invidiam
1777 1591 1922 1633 vero
1962 1570 2059 1634 his
2101 1570 2478 1653 temporibus

224 1653 329 1715 ·ha
375 1674 477 1715 ere
516 1654 855 1719 consulatus
889 1656 1021 1742 ipse·
1042 1657 1274 1721 nullam
1305 1655 1495 1737 potest
1529 1680 1548 1732 3
1584 1655 1861 1742 objicitur
1882 1655 2046 1719 enim
2080 1658 2475 1719 concionibus

244 1739 677 1818 seditiosorum,
722 1744 943 1809 infidus
996 1747 1472 1831 conjuratorum,
1521 1745 1657 1808 telis
1687 1744 1990 1808 Catilinae:
2035 1745 2112 1806 ad
2149 1764 2337 1807 omne
2365 1740 2559 1806 de—9'5

226 1828 829 1914 -niquepericulum,
853 1848 1026 1915 atque
1055 1853 1304 1896 omnem
1347 1831 1636 1895 invidiam
1668 1831 1829 1895 solus
1858 1833 2209 1916 opponitur.
2260 1833 2468 1918 Quare

245 1916 400 1999 quid
428 1919 825 1984 invidendum
855 1920 1184 2005 Muraenae,
1228 1932 1339 1982 aut·
1356 1921 1636 2001 cuiquam
1667 1919 1942 1982 nostrum
1973 1920 2044 1981 fit
2081 1920 2147 1982 in
2172 1918 2292 1982 hoc
2315 1939 2469 2001 proe-

244 2004 413 2067 claro
441 2006 771 2085 consulatu,
823 2029 947 2071 non
998 2009 1195 2083 vide0‚
1235 2007 1270 2071 J
1279 2007 1524 2070 udices:
1571 2028 1704 2088 quae
1753 2027 1898 2069 vero
1945 2005 2279 2068 miseranda
2308 2007 2469 2081 sum,

246 2105 310 2154 et
338 2113 413 2155 ea
441 2095 590 2158 mihi
617 2110 758 2158 ante
810 2098 1027 2160 oculos
1066 2094 1392 2171 versantur,
1437 2109 1499 2157 et
1532 2115 1640 2157 vos
1669 2093 1872 2155 videre
1903 2106 1964 2155 et
1992 2093 2326 2176 perspicere
2369 2115 2475 2174 po·

239 2177 434 2244 testis.
525 2182 594 2244 Si
639 2183 828 2266 (quod
873 2184 1108 2269 Jupiter
1157 2196 1343 2244 omen
1387 2180 1677 2265 avertatl)
1706 2181 1871 2244 hunc
1901 2179 2110 2242 uestris
2163 2179 2562 2243 sententiissso

261 2283 292 2316 e
313 2265 672 2344 afflixeritis„
720 2292 841 2352 quo
888 2271 948 2333 se
1006 2269 1185 2333 miser
1242 2268 1481 2332 vertet?
1530 2270 1860 2333 domumne
1885 2267 1910 2331 ?
1959 2282 2029 2331 ut
2079 2290 2214 2330 earn
2247 2268 2471 2353 imagi·

244 2372 399 2417 nem
429 2354 726 2418 clariflimi
756 2356 888 2434 viri,
934 2357 1194 2441 parentis
1212 2355 1323 2433 sui,
1371 2379 1551 2439 quam
1581 2358 1786 2439 paucis
1813 2370 1953 2419 ante
1982 2356 2195 2420 diebus
2238 2357 2472 2420 laurea·
2504 2408 2520 2435 ‚.

245 2441 466 2504 tamin
496 2441 601 2506 sua
622 2445 1025 2531 gratulatione
1060 2444 1409 2529 conspexit,
1454 2446 1711 2508 eandem
1764 2445 2162 2509 deformatam
2208 2443 2472 2529 ignomi-
2505 2444 2515 2525 j

247 2528 353 2590 nia
384 2530 811 2616 lugentemque
839 2531 1087 2597 videat?
1128 2553 1209 2596 an
1233 2533 1310 2596 ad
1339 2547 1618 2609 matrem,
1664 2534 1802 2616 qu'ae
1857 2532 2068 2596 misera
2098 2535 2288 2593 modo
2325 2552 2474 2593 con·

241 2613 437 2679 sulem
467 2618 730 2683 osculata
761 2619 951 2686 filium
983 2622 1179 2696 suum,
1211 2642 1377 2685 nunc
1404 2623 1713 2684 cruciatur
1734 2635 1797 2684 et
1825 2620 2053 2683 solicita
2077 2616 2187 2694 est,
2217 2638 2295 2679 ne
2314 2622 2553 2685 eun-{55

244 2703 386 2767 dem
409 2708 586 2789 paulo
610 2708 742 2791 post
766 2709 1076 2791 spoliatum
1098 2709 1269 2772 omni
1291 2709 1578 2794 dignitate
1603 2708 1961 2792 conspiciat?
2013 2706 2141 2769 Sed
2179 2703 2329 2787 quid
2352 2725 2468 2788 ego

244 2804 506 2857 matrem
531 2809 636 2858 aut
687 2797 942 2861 domum
972 2797 1233 2881 appello,
1297 2818 1477 2877 quem
1511 2817 1666 2859 nova
1717 2817 1902 2879 poena
1930 2793 2084 2877 legis
2148 2807 2212 2854 et
2260 2792 2467 2865 dome,

248 2891 310 2940 et
339 2896 613 2962 parente,
635 2895 698 2945 et
719 2885 998 2946 omnium
1028 2884 1275 2946 suorum
1298 2883 1732 2946 consuetudine
1752 2880 2206 2964 conspectuque
2236 2877 2465 2963 privat?

246 2964 375 3027 Ibit
403 2967 584 3050 igitur
612 2969 677 3030 in
706 2970 956 3033 exilium
979 2969 1193 3031 miser?
1227 2969 1387 3051 quo?
1420 2970 1498 3031 ad
1519 2968 1867 3032 Orientisne
1900 2965 2145 3052 partes?
2177 2967 2242 3030 in
2264 2964 2476 3049 quibus

251 3072 450 3115 annos
472 3056 693 3118 multos
722 3056 956 3141 legatus
977 3054 1114 3133 fuit,
1137 3069 1201 3118 et
1244 3057 1543 3120 exercitus
1573 3055 1770 3131 duxit,
1799 3070 1862 3118 et
1890 3076 1986 3118 res
2016 3055 2308 3117 maximas
2337 3054 2555 3140 ges-40

246 3137 358 3201 fit?
407 3153 468 3203 at
496 3143 528 3190 d
564 3140 748 3206 habet
775 3164 1071 3230 magnum
1119 3143 1415 3220 dolorem,
1467 3144 1628 3207 unde
1672 3165 1814 3207 cum
1864 3142 2095 3207 honore
2134 3142 2469 3220 decesseris,

243 3227 468 3290 eodem
498 3249 643 3295 cum
666 3231 997 3316 ignominia
1018 3231 1256 3294 reverti.
1306 3233 1411 3295 An
1436 3232 1579 3295 sein
1623 3237 1985 3295 contrariam
2014 3246 2246 3316 partem
2279 3245 2467 3294 terra·

230 3334 378 3377 rum
400 3315 601 3397 abdet,
620 3333 688 3382 ut
713 3318 916 3384 Gallia
936 3317 1353 3403 Transalpina,
1375 3340 1558 3401 quem
1579 3338 1770 3405 nuper
1788 3318 2026 3399 summo
2036 3340 2177 3382 cum
2208 3319 2463 3404 imperio

230 3400 624 3472 libentissime
648 3407 884 3484 viderit,
907 3408 1173 3472 eundem
1191 3408 1528 3492 lugentem,
1548 3400 1939 3484 moerentem,
1959 3409 2204 3470 exulem
2227 3406 2463 3471 videat?

243 3488 307 3550 in
330 3512 405 3557 ea
419 3516 600 3576 porro
623 3495 945 3578 provincia,
971 3516 1092 3578 quo
1109 3495 1313 3558 animo
1331 3496 1406 3560 C.
1432 3496 1777 3560 Muraenam
1805 3495 2054 3560 fratrem
2080 3494 2256 3559 suum
2274 3494 2552 3581 adspi-45

329 3680 360 3712 a
391 3659 690 3723 auxilium.
806 3662 839 3708 b
855 3657 1221 3742 supplicibus.
1335 3673 1363 3705 ο
1398 3653 1833 3716 damnaveritis.
1944 3656 1973 3702 d
2008 3651 2073 3714 id
2095 3648 2286 3738 qfferss
2337 3651 2465 3716 &a

311 3818 388 3863 11.
432 3812 743 3876 Municipium
759 3805 1167 3876 antiquissimum]
1203 3809 1365 3858 Lanu·
1483 3808 1564 3853 37.
1584 3804 1714 3854 Nova
1737 3817 1866 3866 poena
1888 3803 2044 3868 legin]
2058 3804 2272 3855 Exilium
2294 3804 2554 3864 significat,

246 3878 375 3925 rium
393 3893 542 3937 pagus
559 3886 669 3925 erut
691 3878 831 3926 invia
857 3878 1035 3938 Appia,
1056 3882 1109 3923 ut
1123 3874 1239 3921 olim
1257 3886 1365 3919 mu·
1432 3883 1553 3931 quo,
1587 3884 1716 3916 nova
1742 3875 1847 3930 lege
1885 3874 2004 3928 lata,
2038 3874 2219 3929 praeter
2242 3869 2361 3916 alias
2376 3884 2553 3933 poenas

248 3943 481 4001 nicipium
498 3958 529 3990 a
551 3942 789 3990 Diomede
809 3949 920 4002 pont
934 3953 1152 3988 eversam
1169 3937 1369 3998 Trojam
1434 3938 1727 3991 multantur,
1772 3935 1858 3995 qui
1882 3934 2096 3983 ambitus
2119 3934 2326 3983 crimine
2355 3932 2559 3982 convin-

248 4006 500 4055 conditnm
520 4026 531 4054 :
558 4023 586 4054 e
613 4022 711 4069 quo
726 4005 910 4067 prodiit
930 4007 1172 4053 Muraena.
1433 4009 1628 4048 cuntur.
2505 4060 2517 4070 ·
2539 4040 2544 4045 .

315 4073 394 4117 32.
452 4069 773 4130 Laurentum]
833 4069 930 4120 Qui
972 4066 1362 4127 triumphabant,
1495 4065 1576 4112 39.
1605 4063 1818 4112 Oriente-r
1849 4061 2046 4127 portem]
2084 4065 2138 4112 ln
2165 4067 2349 4120 Anium,
2373 4073 2554 4120 quaein

248 4139 388 4181 lauro
429 4135 809 4187 coronabantur:
846 4148 964 4183 cum
1000 4140 1166 4182 autem
1200 4131 1368 4177 suisset
1431 4136 1578 4190 parte
1596 4127 1842 4176 Orientali
1855 4129 1949 4176 sita
1965 4124 2558 4188 cst‚legatusLucuuisuit.

254 4195 443 4245 Luculli
460 4200 660 4260 legatus,
694 4207 750 4247 ut
782 4201 908 4248 iuius
941 4198 1173 4255 victorie,
1207 4195 1276 4242 sic
1310 4202 1365 4241 et
1491 4197 1573 4241 4⁴2.
1604 4192 1668 4243 In
1694 4194 1971 4240 contrariam
2008 4191 2229 4255 partem]
2280 4188 2402 4236 Para
2436 4190 2550 4237 Ori·

250 4261 755 4323 gratulationisetiam,
776 4270 829 4312 et
845 4265 1012 4326 gloriae
1028 4264 1366 4326 particepses·
1430 4260 1533 4305 enti
1552 4256 1798 4306 contraria
1816 4257 2156 4305 occidentalis
2172 4259 2274 4307 θεὶς
2297 4253 2345 4321 in
2367 4252 2556 4301 bacau-

250 4342 303 4374 ιο
321 4326 523 4384 debuit3
544 4325 752 4392 ideoque
771 4326 1050 4377 Laurentum
1074 4327 1177 4389 ejus
1194 4325 1365 4388 imagi·
1432 4331 1532 4371 tem
1553 4328 1693 4382 parte
1713 4322 1802 4368 suit
1822 4323 1998 4380 Gallia,
2027 4335 2112 4382 pro
2134 4319 2400 4381 Praetqrem
2414 4318 2552 4367 ivim,

238 4406 366 4442 -uem
385 4398 547 4442 ‹tc-vt.
1431 4390 1652 4449 superius
1673 4386 1812 4434 dixit.
