2984 4942
439 350 567 459 ‚a
1121 385 1218 452 M.
1261 385 1539 453 Tum
1582 382 2073 455 CICERONIS.

441 543 628 610 quam
656 520 876 587 fruma
902 534 1030 585 tota
1048 519 1251 588 aestate
1271 538 1684 609 oppugnatam
1704 521 1909 588 hieme
1929 523 2112 608 cepit.
2156 522 2399 587 Bellum
2417 524 2736 593 Creticum

440 611 685 701 publica
710 606 1072 674 audieritate
1099 630 1138 672 a
1166 610 1255 698 Q.
1283 610 1542 675 Metello
1567 609 1938 675 Proconsule
1974 625 2334 674 renovatum
2361 612 2476 677 est.

942 782 1251 851 ANNUS
1294 783 1563 850 URBIS
1608 782 2041 849 CONDITAE
2083 791 2238 849 686.

448 910 590 1007 Cff
674 916 989 1001 Calpurnio
1028 916 1247 1004 ΡξῘοθιε,
1305 915 1414 979 Μ.
1458 915 1646 979 Acilio
1690 913 2012 993 Glabrione,
2058 930 2193 981 ante
2244 917 2534 1005 Christum
2577 926 2684 989 66.

1205 1005 1489 1075 Giseronis
1516 1002 1982 1090 quadraggsimus.

533 1134 807 1202 Triarius
825 1139 1061 1223 legatus
1079 1134 1327 1203 Luculi
1347 1158 1384 1200 a
1400 1134 1762 1200 Mithridate
1782 1135 1984 1201 vietus
2006 1136 2117 1213 est,
2144 1149 2207 1202 et
2227 1152 2403 1223 capta
2424 1137 2744 1203 Romano-

444 1230 585 1287 runi
606 1225 812 1289 castra.
870 1225 1200 1309 Pompeius
1220 1224 1450 1289 bellum
1469 1224 1803 1289 Piraticum
1820 1226 2107 1289 confecit.
2149 1225 2294 1289 Hoc
2321 1247 2481 1291 anno
2501 1225 2744 1290 licitum
2769 1254 2782 1267 ·

445 1309 567 1375 fuit
589 1313 871 1378 Ciceroni
891 1326 1217 1397 praeturam
1239 1327 1469 1398 petere,
1492 1334 1717 1398 nempe
1743 1311 1992 1377 biennio
2022 1313 2159 1397 post
2188 1314 2566 1378 aedilitatem:
2595 1314 2745 1377 licet

450 1401 678 1467 multoe
694 1400 944 1467 haberet
966 1402 1416 1486 competitoreS,
1444 1402 1670 1483 eosque
1687 1401 1848 1463 vitoe
1870 1400 2153 1476 illustres,
2182 1416 2390 1466 tamen
2412 1401 2644 1484 primus
2665 1422 2744 1465 ex

447 1486 620 1637 offo,
650 1490 758 1574 qui
778 1504 911 1550 tum
943 1486 1193 1564 fiebant,
1222 1487 1563 1551 incredibili
1579 1487 1768 1549 totius
1784 1488 1998 1573 populi
2013 1488 2325 1553 voluntate
2354 1489 2746 1553 renuntiatus

450 1595 487 1637 e
541 1617 558 1636 .

942 1728 1251 1803 ANNUS
1295 1730 1564 1796 URBIS
1610 1728 2046 1795 CONDITAE
2092 1731 2241 1797 687.

457 1859 597 1950 C'ff
626 1857 737 1935 M.
764 1860 1014 1938 AEmili‘o
1038 1862 1270 1947 Lepido,
1313 1864 1396 1928 L.
1435 1864 1677 1927 Volcatio
1709 1864 1883 1937 Tullo,
1927 1877 2058 1926 ante
2107 1861 2394 1950 Christum
2423 1868 2531 1928 65.
2585 1862 2748 1937 Cice·

1144 1955 1299 2015 ronis
1326 1951 1779 2039 quadraggfimus
1796 1954 2044 2036 primus.

538 2084 643 2147 Ad
673 2082 979 2149 Kalendas
1010 2085 1044 2150 J
1051 2084 1322 2149 annarias
1368 2099 1697 2169 praeturam
1746 2082 1882 2146 iniit
1927 2081 2169 2158 Cicero,
2217 2097 2279 2146 et
2310 2082 2630 2167 quaestioni
2669 2082 2750 2149 de

449 2171 726 2257 pecuniis
776 2191 842 2232 re
887 2171 1130 2243 etundis
1180 2170 1447 2255 praefuit.
1539 2170 1574 2236 J
1582 2169 1782 2234 udicia
1821 2170 1982 2235 caste
2043 2171 2399 2255 integreque
2440 2178 2712 2235 exercuit
2732 2196 2776 2236 ι,

453 2277 601 2319 cum
631 2257 796 2319 enim
883 2257 1101 2327 icinius
1148 2257 1386 2335 Macer,
1430 2258 1539 2344 qui
1588 2261 1854 2327 multum
1904 2259 1970 2323 in
2014 2257 2257 2323 civitate
2286 2274 2542 2343 poterat,
2586 2261 2753 2344 apud

453 2364 594 2410 eum
625 2344 769 2407 esset
797 2345 1111 2419 accusatus
1143 2345 1220 2415 de
1267 2348 1545 2431 pecuniis
1588 2347 1962 2432 repetundis,
2005 2360 2070 2408 et
2113 2347 2317 2411 Craffo
2361 2361 2618 2430 patrono
2649 2347 2750 2409 ille

455 2444 750 2508 uteretur,
794 2434 1073 2504 omnium
1103 2432 1416 2500 sententiis
1444 2436 1767 2499 damnatus
1798 2434 1905 2501 est.
1999 2435 2150 2520 Quo
2186 2456 2261 2497 ex
2285 2434 2520 2519 judicio
2549 2435 2750 2497 multo

452 2518 749 2582 ma‘orem
778 2518 1055 2595 studium
1085 2543 1160 2584 ex
1192 2523 1400 2607 populi
1432 2521 1875 2594 existimatione
1905 2523 2092 2606 cepit,
2137 2543 2321 2605 quam
2353 2543 2427 2585 ex
2459 2522 2663 2608 ipsiue,
2708 2521 2752 2584 si

453 2605 533 2685 ab
558 2608 763 2671 elutus
808 2608 971 2684 effet,
1018 2609 1211 2694 gratia
1257 2612 1631 2695 percepisset,
1722 2610 1886 2674 Cum
1934 2631 2078 2673 vero
2126 2608 2421 2677 Manilius
2472 2611 2752 2675 tribunus

450 2693 645 2777 plebis
675 2697 873 2783 legem
905 2697 1356 2782 promulgass'et,
1387 2714 1456 2771 ut
1482 2698 1715 2769 bellum
1746 2696 2236 2761 Mithridaticum
2258 2695 2555 2781 Pompeio
2581 2719 2755 2762 com-

446 2782 816 2859 mitteretur,
845 2784 1029 2868 eique
1052 2783 1504 2850 adversarentur
1535 2786 1619 2874 Q.
1652 2785 2014 2849 Hortenfius
2041 2798 2102 2847 et
2134 2783 2414 2857 Catulus,
2445 2787 2558 2848 viri
2588 2786 2757 2848 Con-

450 2868 703 2947 sularem
764 2870 985 2935 Cicero
1032 2872 1268 2937 Praetor
1310 2895 1447 2937 eam
1501 2874 1677 2937 suafit
1730 2872 1844 2938 hac
1887 2873 2184 2947 oratione,
2231 2893 2370 2954 quae
2417 2871 2539 2934 Pro
2584 2872 2756 2956 Lege

451 2956 712 3019 Manilia
741 2958 1107 3023 inscribitur.
1183 2959 1487 3029 Defendit
1515 2982 1764 3044 quoque
1798 2963 2054 3027 Avitum
2083 2958 2443 3023 Cluentium
2472 2958 2758 3022 veneficii

453 3044 619 3127 apud
661 3040 1019 3108 Volcatium
1063 3030 1420 3129 praetoremJ'
1506 3047 1682 3110 Dixit
1726 3069 1838 3130 pro
1867 3048 1963 3111 M.
2011 3048 2352 3121 Fundani0‚
2411 3060 2474 3109 et
2525 3045 2758 3110 Gallie.

457 3129 635 3202 Licet
656 3151 799 3193 vero
828 3150 1088 3212 praetura
1117 3132 1494 3217 fungereter,
1539 3149 1746 3195 tamen
1769 3133 2034 3196 scholam
2060 3134 2151 3194 M.
2189 3134 2447 3195 Antonii
2473 3132 2758 3218 Gnipho·

455 3218 554 3280 iiis
583 3216 1007 3301 frequentavit.
1099 3217 1390 3280 Extremo
1439 3219 1646 3280 mense
1684 3219 1872 3301 liujus
1900 3220 2064 3291 anni,
2111 3239 2255 3280 cum
2294 3218 2581 3281 Ciceroni
2636 3221 2757 3283 ’am

457 3305 718 3369 biduum
762 3320 872 3369 aut
916 3305 1189 3373 triduum
1235 3316 1519 3388 praeturae
1564 3304 1905 3387 supereffet,
1951 3303 2283 3375 Manilium
2309 3304 2564 3387 quidam
2639 3309 2760 3371 urti

457 3393 622 3477 apud
654 3390 849 3477 ipsum
880 3390 1222 3477 postulavit.
1311 3390 1610 3457 studebat
1657 3391 1918 3455 Manilio
1965 3393 2252 3476 populus,
2295 3393 2465 3475 quod
2513 3411 2760 3480 propter

460 3479 830 3565 Pompeium
860 3478 1124 3544 accusari
1144 3479 1468 3543 videretur.
1534 3478 1698 3545 Cum
1721 3479 1907 3563 igitur-
1929 3479 2223 3551 Manilius
2243 3502 2436 3543 unum
2466 3482 2632 3545 diem
2652 3504 2761 3566 pe-

460 3567 665 3644 iiifl‘et,
692 3589 763 3630 ac
787 3568 1005 3630 Cicero
1031 3582 1269 3633 tantum
1295 3566 1712 3650 insequentem
1736 3566 2007 3642 dedifl‘et,
2037 3568 2301 3652 populus
2322 3569 2572 3653 indigne
2593 3571 2760 3635 tulit:

462 3657 633 3738 quod
665 3674 801 3718 mos
820 3656 987 3731 effet,
1016 3668 1085 3718 ut
1106 3656 1321 3723 decem
1347 3655 1672 3721 minimum
1693 3655 1824 3718 dies
1844 3654 2143 3723 Praetores
2164 3657 2284 3719 reis
2304 3657 2536 3720 darent.
2585 3658 2764 3743 Qua·

464 3762 533 3807 re
563 3744 894 3827 productus
924 3744 987 3806 in
1016 3743 1375 3813 concionem
1407 3765 1441 3811 a
1470 3742 1728 3814 tribunis
1756 3743 1971 3827 plebis,
2015 3744 2222 3826 ibique
2252 3743 2586 3821 accusatus,
2615 3765 2762 3809 cum

463 3830 720 3916 rogasset
751 3846 820 3894 ut
848 3832 1148 3907 audirent,
1186 3831 1360 3907 dixit,
1405 3833 1488 3907 ie,
1533 3831 1643 3914 qui
1681 3831 1746 3903 in
1786 3850 1921 3901 reos
1951 3830 2208 3915 semper,
2254 3849 2552 3915 quantum
2597 3833 2766 3918 leges

466 3922 910 4004 permitterent,
955 3922 1147 3983 comis
1174 3933 1237 3980 et
1265 3922 1570 3981 humanus
1598 3917 1820 3992 fuiffet,
1850 3918 2170 4005 indignum
2194 3918 2505 4006 judicasse,
2549 3942 2674 3983 non
2697 3942 2764 3982 e-

470 4008 699 4070 undem
730 4006 790 4070 se
823 4007 1080 4072 Manilio
1107 4005 1406 4091 praestare.
1482 4007 1697 4088 Itaque
1726 4007 1783 4069 ei
1805 4006 1991 4080 diem,
2020 4026 2205 4090 quem
2230 4028 2422 4070 unum
2447 4007 2678 4069 Praetor
2698 4007 2764 4069 in

467 4095 574 4170 sua
588 4094 925 4182 ‘protestate
952 4093 1221 4169 liaberet,
1244 4096 1448 4157 dedita
1465 4115 1648 4178 opera
1665 4093 2069 4178 praefiniviss'e:
2099 4116 2242 4169 cum
2265 4115 2392 4159 non
2411 4093 2479 4155 fit
2501 4095 2633 4177 ejus
2655 4094 2766 4176 qui

470 4183 558 4248 rei
594 4182 831 4246 causam
878 4183 1161 4269 adjuvare
1194 4182 1360 4257 velit,
1404 4181 1481 4244 ad
1510 4181 1696 4243 alium
1727 4180 2142 4267 magistratum
2166 4182 2468 4267 judicium
2489 4182 2763 4265 rejicere.

472 4268 615 4335 Hac
653 4271 926 4335 oratione
956 4269 1141 4334 animi
1173 4269 1384 4354 populi
1414 4270 1497 4332 ita
1541 4268 1899 4332 commutati
1928 4267 2088 4345 sunt,
2132 4285 2203 4332 ut
2230 4269 2590 4334 Ciceronem
2621 4269 2768 4337 totis

450 4357 1010 4445 ‘ffilamationibug
1031 4356 1333 4451 prosecuti
1359 4371 1665 4447 rogarent,
1707 4371 1778 4421 ut
1807 4356 2051 4431 Manilii
2076 4358 2478 4443 patrocinium
2507 4355 2766 4442 suscipe-
