2984 4942
833 385 1186 458 ORATIO
1228 387 1326 454 m
1367 388 1444 453 L.
1486 385 1893 453 PISONEM.
2381 394 2503 454 281

214 533 397 598 tantis
416 530 602 594 rebus
631 524 835 611 gestis,
877 527 1129 588 minime
1150 520 1420 586 fufium
1449 521 1730 585 laborum
1748 534 2007 597 tuorum,
2048 525 2288 604 praemia
2318 543 2427 606 pe-

210 622 568 692 riculorum,
605 612 845 678 virtutis
872 611 1122 696 infignia
1151 624 1543 674 contemnere
1564 607 1818 673 debuisti
1834 635 1859 684 0,
1889 630 2088 692 neque
2115 631 2259 674 vero
2280 632 2431 676 con·

211 704 529 791 tempfisti,
574 702 714 767 licet
733 699 1045 764 Themista
1075 698 1419 783 sapientior,
1462 697 1506 760 fi
1534 718 1604 761 os
1648 712 1824 760 tuum
1873 699 2136 762 ferreum
2166 696 2428 764 Senatus
2506 711 2515 720 ‘

211 794 498 860 convicio
524 792 817 854 verberari
846 785 1112 851 noluisti.
1203 785 1344 851 Jam
1388 786 1561 851 vides
1604 785 2097 868 quandoquidem
2137 785 2221 849 ita
2248 788 2427 854 mihi-

216 896 350 946 met
371 881 456 946 sui
485 879 786 954 inimicus,
817 880 914 961 (ut
944 896 1041 940 me
1061 888 1269 938 tecum
1299 878 1817 958 compararem)et
1845 874 2166 958 digreffum
2198 896 2517 950 meum,1oo

213 983 284 1032 et
312 967 658 1040 absentiam,
703 979 766 1028 et
795 965 1057 1029 reditum
1110 964 1194 1026 ita
1244 962 1431 1047 longe
1480 976 1594 1025 tuo
1644 960 2000 1043 praestitifl'e,
2044 975 2115 1025 ut
2156 961 2305 1027 mihi
2329 965 2435 1031 illa

213 1050 426 1122 omnia
453 1054 863 1118 immortalem
892 1052 1152 1138 gloriam
1171 1050 1475 1129 dederint,
1518 1049 1632 1113 tibi
1660 1049 2089 1134 sempiternam
2118 1049 2434 1133 turpitudi-

213 1163 362 1208 nem
387 1140 744 1227 inflixerint.

281 1313 363 1360 98.
406 1309 683 1370 Themista]
728 1307 985 1356 Themista
1026 1305 1202 1354 mulier
1246 1304 1345 1354 fuit
1404 1303 1547 1362 dicit,
1567 1319 1627 1354 ae
1643 1307 1787 1367 longe
1810 1306 1985 1355 melius
1997 1303 2281 1367 providisse,
2296 1306 2413 1367 quid
2433 1320 2525 1354 ex.

215 1376 377 1423 studio
400 1373 721 1434 Philosophiae
748 1372 941 1423 nobilis,
959 1385 1104 1434 quam
1135 1372 1341 1419 Luctan-
1405 1369 1595 1431 pedii-et
1616 1369 1705 1419 sibi
1729 1379 1915 1433 petere,
1949 1375 2002 1416 et
2034 1384 2129 1418 non
2151 1375 2345 1430 petere,
2377 1386 2525 1431 quam

213 1441 317 1486 tius
351 1439 478 1485 citat
499 1439 563 1485 de
596 1439 720 1486 falsa
751 1437 998 1496 ‘sapientia
1033 1438 1080 1482 3.
1105 1449 1217 1494 cap.
1257 1438 1339 1485 25.
1408 1435 1519 1482 Dea
1540 1435 1758 1496 illaipsa,
1782 1449 1893 1498 quae
1913 1443 2127 1483 mentem
2150 1436 2427 1483 hominibus
2440 1437 2528 1485 dat.

215 1504 416 1563 Lipsius
434 1503 519 1552 lib.
550 1509 591 1550 l.
615 1502 865 1549 variarum
888 1505 1001 1549 leot.
1017 1513 1132 1560 cap.
1163 1502 1237 1548 18.
1261 1513 1341 1547 re-
1402 1497 1531 1559 jutta
1550 1505 1603 1547 et
1622 1514 1765 1563 equa
1785 1501 2002 1560 petendi,
2025 1499 2226 1547 suadere
2252 1501 2523 1562 potuissem

211 1569 361 1630 ponit
383 1567 584 1625 The-mir,
617 1580 768 1628 quam
784 1566 929 1614 danm
951 1565 1195 1626 putabant
1211 1578 1339 1621 esse,
1402 1571 1549 1612 acute
1576 1567 1709 1613 enim
1740 1567 1871 1624 Piso,
1903 1565 2130 1625 quoniam
2156 1577 2317 1626 neque
2353 1567 2529 1614 trium-

213 1647 324 1693 quae
347 1631 558 1679 docebat
581 1637 748 1692 petere
774 1629 823 1676 id
849 1629 974 1691 quod
1012 1630 1082 1675 fas
1105 1633 1250 1683 esset,
1285 1635 1337 1675 et
1401 1629 1554 1689 phum
1579 1629 1851 1688 meruisset,
1875 1635 1929 1675 et
1949 1629 1989 1676 si
2008 1628 2226 1676 maxime
2250 1629 2528 1689 meruisset,

218 1695 348 1755 quod
372 1695 578 1749 licet-etz
613 1693 811 1753 jocatur
828 1696 961 1742 enim
980 1694 1155 1742 cicero
1177 1690 1229 1737 in
1252 1691 1337 1739 Pi·
1401 1696 1647 1754 repulsam
1677 1699 1843 1741 tamen
1866 1708 1899 1740 a
1915 1694 2096 1742 Senatu
2118 1699 2438 1753 accepturum
2474 1709 2527 1741 se

221 1772 409 1816 sonem,
441 1774 523 1821 qun
539 1758 1116 1819 triumphum,⁸celerum
1139 1769 1338 1806 suorum
1401 1763 1542 1805 een-to
1564 1758 1887 1818 praevidebat,
1917 1760 2118 1806 omnino
2150 1763 2324 1821 petere
2354 1759 2526 1807 trium-

218 1825 544 1881 conscientia,
567 1824 628 1870 ab
651 1825 779 1871 irato
800 1826 984 1871 Senatu
1009 1829 1175 1883 petere
1199 1835 1339 1870 ausus
1403 1823 1557 1882 phum
1596 1822 1805 1881 destitit,
1840 1829 1896 1869 ut
1924 1823 2173 1871 videretur
2211 1836 2328 1871 enm
2360 1825 2525 1882 potius

219 1902 317 1934 non
336 1890 631 1950 erat,etipsa
643 1887 818 1937 Themi
834 1888 1179 1949 sapientiorem
1193 1887 1340 1934 fuisse
1406 1888 1643 1948 consequi
1669 1887 1897 1947 noluisse,
1929 1901 2078 1949 quam
2100 1903 2200 1936 non
2217 1885 2441 1949 potuisse.

688 2027 1052 2091 ALTERA
1094 2023 1326 2090 PARS
1370 2026 2065 2092 INSECTATIONIS.

1055 2201 1157 2265 De
1171 2201 1706 2286 privatis-flagitiis.

317 2374 461 2439 Haec
476 2389 596 2458 par
619 2387 737 2438 tres
766 2377 1004 2438 continet
1028 2375 1174 2438 alias
1192 2388 1409 2460 partes,
1449 2397 1698 2461 quarum
1731 2378 1925 2460 prima
1950 2378 2135 2441 vitam
2167 2376 2387 2463 Pisonis
2402 2379 2534 2460 pri-

225 2465 541 2549 vatamseu
569 2463 905 2549 domesticam
934 2465 1171 2527 continet
1190 2490 1209 2526 .·
1259 2464 1508 2527 Secunda
1535 2464 1976 2550 mationem,
2016 2465 2161 2547 quod
2182 2465 2539 2550 efficiebatur

223 2576 264 2612 α
294 2552 491 2637 Pisone
520 2553 775 2615 Ciceroni
810 2551 957 2635 quod
994 2552 1159 2637 versu
1204 2551 1529 2634 Pompeium
1568 2564 1624 2613 et
1665 2551 1932 2638 Caefitrem
2050 2551 2297 2637 endiſj'et:
2344 2551 2403 2613 T
2391 2553 2536 2614 ertia

225 2640 685 2706 enumerationem
692 2640 990 2725 scelerum,
1036 2663 1154 2724 quae
1184 2640 1316 2726 Pisb
1343 2642 1405 2701 in
1422 2641 1730 2723 provincie
1761 2638 1979 2703 admitti
2020 2640 2233 2701 ratione
2258 2638 2533 2725 commf'fit.

315 2805 428 2868 XI.
472 2827 638 2870 nunc
696 2806 880 2870 etiam
927 2807 992 2868 in
1047 2805 1163 2869 hac
1222 2804 1593 2889 quotidiana,
1656 2804 1901 2884 allidua,
1959 2806 2301 2887 urbanaque
2353 2806 2446 2868 vi-

225 2906 290 2955 ta
346 2892 722 2975 splendorem
784 2908 985 2968 tuum,
1036 2894 1312 2978 gratiam,
1357 2893 1769 2957 celebritatem
1819 2892 2235 2968 domesticam,
2303 2913 2452 2977 ope-

226 3000 361 3042 ram
419 2978 749 3054 forensem,
810 2979 1147 3055 confilium,
1209 2979 1518 3056 auxilium,
1582 2978 2030 3055 auEtoritatem,
2089 2979 2451 3042 sententiam
2542 2999 2548 3005 ·

227 3064 611 3131 senatoriam
639 3066 839 3142 nobis,
883 3079 1009 3142 aut,
1055 3080 1126 3129 ut
1172 3066 1373 3129 verius
1419 3067 1642 3144 dicam,
1688 3066 1971 3150 cuiquam
2010 3088 2076 3132 es
2122 3066 2340 3129 infimo
2383 3088 2454 3132 ac

228 3152 700 3235 desperatissimo
750 3151 1169 3216 antelaturus?
1261 3154 1424 3240 Age,
1480 3153 1741 3219 Senatus
1799 3155 1927 3219 odit
1975 3169 2059 3231 te,
2103 3155 2267 3238 quod
2310 3175 2454 3218 eum
2500 3161 2540 3217 5

224 3255 301 3305 tu
324 3239 527 3304 facere
549 3244 689 3328 jure
717 3243 1022 3319 concedis,
1052 3240 1412 3305 amiciorem
1443 3256 1507 3305 et
1536 3243 1906 3329 perditorem
1935 3263 2060 3306 non
2105 3243 2292 3307 modo
2320 3242 2455 3329 dig-

229 3327 434 3394 nitatis
464 3344 529 3393 et
558 3328 960 3407 auCtoritatis,
1006 3327 1106 3393 sed
1137 3329 1390 3393 omnino
1417 3331 1644 3396 ordinis
1675 3352 1744 3394 ac
1787 3330 2049 3396 nominis
2085 3328 2213 3394 sui:
2255 3332 2456 3395 videre

232 3417 468 3500 equites
501 3416 769 3481 Romani
812 3439 938 3481 non
982 3417 1244 3503 poffunt,
1288 3439 1414 3502 quo
1442 3440 1519 3482 ex
1549 3419 1761 3484 ordine
1791 3418 1883 3483 vir
1910 3415 2456 3504 praestantiffimus,

233 3503 308 3567 L.
342 3502 547 3568 AElius
591 3505 703 3582 est,
761 3517 824 3568 te
875 3504 1164 3581 Consule,
1207 3507 1554 3593 relegatus:
1611 3505 1777 3590 plebs
1812 3506 2096 3571 Romana
2147 3509 2451 3591 perditum

235 3598 423 3675 cupit,
466 3594 533 3656 in
580 3595 753 3681 cujus
797 3606 870 3657 tu
920 3592 1235 3657 infamiam
1279 3603 1373 3671 ea,
1418 3617 1548 3678 quae
1601 3616 1711 3680 per
1758 3598 2019 3661 latrones
2064 3609 2127 3658 et
2180 3617 2290 3681 per
2338 3595 2545 3659 ser-10

235 3700 342 3742 vos
391 3680 468 3743 de
516 3704 615 3746 me
665 3702 902 3768 egeras,
964 3680 1308 3747 contulisti:
1374 3681 1549 3746 Italia
1605 3683 1832 3748 cundia
1881 3697 2219 3761 execratur,
2276 3684 2455 3769 cujus

235 3767 398 3832 idem
426 3782 498 3832 tu
527 3768 934 3855 superbiffime
977 3772 1221 3834 decreta
1261 3782 1324 3834 et
1352 3791 1560 3854 preces
1604 3771 1952 3858 repudiasti.
2044 3787 2075 3821 ⁸
2107 3771 2229 3836 Fac
2270 3771 2457 3857 hujus

964 3947 996 3981 ⁸
1026 3929 1310 4014 Experire
1343 3941 1567 3993 tamum
1594 3930 1797 3994 odium.

297 4093 346 4138 2.
367 4089 1020 4154 celebritatemdomeuicam]
1038 4097 1363 4147 Clientesfre-
1494 4102 1543 4149 9.
1580 4100 1638 4148 L.
1664 4098 1870 4159 Elium]
1905 4101 1960 4148 1..
1979 4101 2132 4149 AElius
2172 4096 2341 4147 Lamia
2370 4093 2549 4142 Pisone

240 4161 454 4218 quantes
475 4159 678 4208 aderant
693 4175 842 4208 mane
861 4160 992 4223 apud
1016 4169 1285 4224 magnates,
1308 4166 1367 4210 ut
1430 4159 2549 4226 consulerelegatusest.Equestrioordinisprin-

238 4225 476 4283 patronos
495 4234 601 4269 suos
622 4229 909 4274 salutarent.
1426 4241 1544 4289 σομε
1554 4230 1668 4289 fuit3
1683 4230 1745 4278 de
1756 4243 1816 4277 eo
1828 4230 2012 4278 dictum
2025 4228 2159 4276 estin
2173 4226 2310 4275 Orat.
2320 4236 2406 4284 pro
2416 4225 2553 4271 Sext.

311 4282 385 4333 lb
413 4283 887 4360 ’Opqrqvqsorensemj
920 4292 1016 4339 Vel
1050 4290 1142 4352 ipsi
1168 4292 1255 4339 viri
1278 4306 1364 4353 po-
1503 4297 1575 4342 12.
1611 4294 1682 4342 Et
1719 4305 1871 4354 preces
1913 4290 2208 4354 repudiasti]
2263 4288 2553 4349 Repudiavil:

240 4354 503 4397 tentissimn
523 4352 736 4399 enitatis
748 4354 1013 4405 defendere
1027 4354 1277 4416 injudicio
1292 4358 1366 4406 ci·
1428 4370 1603 4416 preces
1620 4359 1773 4406 totius
1816 4357 1989 4413 ltaliae.
2021 4370 2134 4416 quae
2170 4367 2258 4415 pro
2300 4352 2551 4401 Ciceronis

243 4427 326 4460 VOS
345 4414 512 4474 sloriae
530 4412 792 4465 ducebant.
1429 4425 1589 4471 salute
1615 4422 1777 4471 Pisoni
1797 4428 1848 4469 ct
1870 4421 2083 4470 Gabinio
2100 4421 2238 4470 CosS.
2256 4418 2404 4468 factoe
2420 4425 2548 4466 sunt.
