2984 4942
777 360 1129 431 ORATIO
1170 358 1355 427 PRO
1381 358 1458 426 Ι...
1488 352 1938 431 MURAENA.
2395 365 2516 434 18¹1

221 496 498 574 interfici,
543 490 649 560 sed
667 490 1022 580 vigilantem
1055 493 1365 559 consulem
1395 495 1473 558 de
1492 494 1645 580 reip.
1673 494 1949 578 praefidio
1974 490 2298 563 demovere
2318 518 2428 562 vo-

218 590 379 651 lunt:
423 604 540 649 nee
582 582 786 646 minus
813 584 1061 661 vellent,
1105 583 1284 660 Cato,
1330 597 1391 646 te
1424 602 1663 665 quoque
1690 583 1891 665 aliqua
1918 585 2168 664 ratione,
2213 585 2254 648 fi
2284 587 2532 672 pos-50,

222 675 373 752 sent,
415 674 452 721 b
480 672 718 735 tolleret
773 670 838 732 id
878 672 1047 754 quod
1078 671 1228 733 mihi
1259 672 1457 747 crede,
1505 688 1568 734 et
1592 684 1807 757 agunt,
1833 685 1896 734 et
1932 673 2291 737 moliuntur:
2333 676 2426 739 vi·

218 764 375 826 dunt
404 773 694 845 quantum
724 758 789 820 in
830 770 891 822 te
920 758 991 820 lit
1018 759 1228 834 animi,
1274 771 1574 842 quantum
1605 758 1855 845 ingenii,
1898 775 2188 841 quantum
2208 762 2426 828 anao-

215 851 433 925 ritatiS,
485 860 785 931 quantum
820 846 1051 928 reipub.
1083 844 1367 931 praefidiie
1411 846 1516 912 sed
1566 867 1709 910 cum
1740 845 2039 910 consulari
2065 847 2427 915 auctoritate

215 950 281 1001 et
332 935 554 1003 auxilio
600 932 908 1017 spoliatam
955 934 1080 996 vim
1140 934 1519 998 tribunitiam
1569 934 1869 1009 viderent,
1914 949 2051 996 tum
2089 933 2149 998 se
2193 937 2428 1003 facilius

213 1026 512 1089 inermem
540 1035 604 1085 et
623 1020 1007 1086 debilitatum
1035 1037 1099 1084 te
1139 1021 1508 1107 oppreffuros
1536 1021 1943 1086 arbitrantur:
1987 1041 2132 1085 nam
2161 1043 2242 1085 ne
2267 1023 2514 1089 sum-55

214 1112 417 1177 ciatur
432 1108 665 1186 consul,
694 1129 822 1173 nou
849 1111 1096 1174 timent:
1138 1111 1347 1173 vident
1375 1115 1437 1173 in
1464 1125 1714 1175 tuorum
1743 1107 2041 1195 potestate
2067 1108 2224 1174 colle

214 1199 375 1264 fore:
420 1198 664 1282 sperant
720 1195 831 1260 fibi
888 1196 1188 1272 Silanum,
1235 1198 1468 1261 clarum
1511 1199 1728 1275 virum,
1774 1196 1896 1261 fine
1918 1199 2174 1284 collega,
2218 1212 2281 1261 te
2313 1197 2434 1262 fine

214 1287 467 1352 consule
495 1284 774 1368 rempub.
807 1282 929 1347 fine
973 1283 1246 1370 praesidio
1274 1285 1457 1370 objici
1499 1283 1683 1369 pofl‘e.
1768 1283 1892 1349 His
1919 1286 2104 1353 tantis
2131 1287 2195 1349 in
2235 1286 2435 1363 rebus,

212 1372 519 1457 tantisque
579 1373 647 1434 in
695 1373 1002 1456 periculis,
1045 1370 1137 1434 est
1163 1386 1366 1448 tuum,
1409 1370 1506 1434 M:
1539 1372 1718 1448 Cato,
1762 1374 1871 1457 qui
1923 1394 2046 1435 non
2091 1373 2265 1449 mihi,
2309 1388 2436 1435 non

210 1460 349 1536 tibi,
390 1460 495 1524 sed
524 1459 738 1544 patrioe
766 1474 939 1523 natus
967 1479 1054 1534 eS‚
1083 1459 1290 1522 videre
1319 1460 1465 1540 quid
1488 1482 1523 1522 a
1600 1474 1723 1537 tur,
1767 1460 2029 1524 retinere
2061 1461 2521 1547 adjutorum‚60

212 1548 622 1622 defensorem,
667 1546 893 1609 socium
923 1546 989 1608 in
1009 1545 1345 1629 republica,
1388 1564 1506 1608 con
1537 1548 1700 1608 ulem
1724 1566 1848 1608 non
1879 1566 1911 1598 c
1947 1550 2256 1628 cupidum,
2287 1570 2437 1651 coq-

214 1634 435 1712 sulem,
480 1634 669 1716 (quod
698 1633 961 1697 maxime
989 1646 1227 1716 tempus
1261 1631 1380 1695 hoc
1409 1632 1699 1719 postulat)
1739 1632 1986 1696 fortuna
2032 1633 2434 1698 constitutum

213 1723 290 1785 ad
311 1721 788 1805 amplexandum
816 1721 1032 1797 otium,
1076 1719 1325 1785 scientia
1344 1721 1424 1782 ad
1470 1719 1701 1784 bellum
1773 1722 2093 1798 erendum,
2137 1723 2341 1786 animo
2368 1738 2435 1786 et

150 1804 154 1813 ’
213 1808 327 1877 usu
354 1809 437 1872 ad
482 1808 651 1892 quod
701 1807 850 1872 velie
878 1808 1217 1894 negotium.
1309 1807 1686 1894 Quanquam
1731 1743 1989 1894 {ujusce
2040 1811 2127 1871 rei
2175 1810 2431 1892 potestas

213 1897 421 1960 omnis
447 1896 513 1959 in
540 1896 713 1959 vobis
741 1895 846 1958 fita
863 1894 972 1971 est,
1021 1896 1054 1961 J
1060 1895 1294 1960 udices:
1337 1909 1533 1960 totam
1574 1897 1853 1981 rempub.
1893 1917 2003 1960 vos
2031 1896 2096 1959 in
2116 1895 2230 1960 hac
2260 1897 2521 1962 causa65

214 1985 465 2060 tenetis,
507 2004 617 2051 voe
647 1981 1018 2068 gubernatis.
1107 1983 1176 2052 Si
1203 1982 1278 2044 L.
1312 1981 1575 2047 Catilina
1604 2004 1748 2046 cum
1774 1982 1882 2046 suo
1927 1984 1964 2033 d
1994 1983 2239 2046 consilio
2269 1985 2439 2047 nefa-

216 2072 459 2136 riorum
500 2069 845 2146 hominum,
887 2088 1042 2154 quos
1069 2069 1276 2135 secum
1304 2069 1540 2145 eduxit,
1582 2070 1698 2134 hac
1728 2071 1806 2133 de
1835 2091 1900 2133 re
1927 2070 2116 2156 poffet
2144 2071 2441 2155 judicare,

219 2160 660 2222 condemnaret
697 2157 773 2220 L.
805 2157 1188 2222 Muraenam:
1232 2156 1274 2217 fi
1322 2155 1665 2221 interficere
1691 2158 1901 2243 posset,
1958 2158 2290 2234 occideret3
2333 2180 2444 2243 pe-

210 2260 361 2309 tunt
412 2243 580 2307 enim
636 2244 901 2306 rationes
951 2246 1136 2322 illius,
1179 2256 1251 2307 ut
1284 2243 1534 2307 orbetur
1569 2246 1790 2309 auxilio
1835 2245 1989 2331 resp.
2033 2262 2103 2309 ut
2133 2245 2442 2309 minuatur

218 2346 445 2397 contra
500 2330 674 2395 suum
745 2329 1020 2396 furorem
1070 2337 1497 2415 irnperatorum
1548 2332 1750 2417 copia:
1826 2347 1894 2397 ut
1948 2335 2146 2420 major
2183 2328 2543 2419 facultas'ffl„

218 2417 749 2504 Tribuniffiplebis
807 2419 1006 2495 detur,
1068 2418 1314 2503 depulso
1365 2419 1718 2498 adversario,
1762 2420 2067 2487 seditionis
2118 2442 2188 2486 ac
2216 2422 2442 2486 discor·

214 2508 335 2571 diae
378 2507 782 2571 concitandae.
826 2506 827 2509 ’
872 2506 1127 2571 Idemne
1166 2508 1353 2594 igitur
1379 2508 1608 2573 deleffl
1629 2508 2000 2593 ampliffimie
2028 2532 2105 2572 ex
2127 2511 2443 2573 ordinibus

216 2592 615 2658 honestiffimi
632 2609 808 2677 atque
837 2593 1236 2677 sapientiffimi
1256 2594 1365 2659 viri
1388 2595 1776 2681 judicabunt,
1865 2598 2033 2680 quod
2068 2597 2171 2659 ille
2215 2597 2441 2679 impor-

218 2682 561 2747 tuniffimus
617 2682 909 2766 gladiator
981 2682 1170 2746 hostis
1230 2681 1462 2765 reipub.
1558 2684 1849 2747 ‘udicaret
1878 2683 1902 2746 ?
1971 2682 2137 2747 Mihi
2191 2683 2444 2758 credite,

221 2768 498 2846 Iudices»,
541 2770 607 2832 in
633 2769 748 2832 hac
778 2768 955 2831 causa
1005 2792 1132 2833 non
1184 2769 1379 2832 solum
1409 2770 1487 2832 de
1531 2707 1606 2833 fl..
1640 2771 1970 2845 Muraenae,
2014 2790 2229 2833 verum
2258 2767 2529 2832 etiam75

222 2858 301 2920 de
331 2856 531 2921 vestra
570 2855 756 2919 salute
782 2856 1142 2919 sententiam
1180 2855 1420 2930 feretis,
1466 2856 1531 2918 in
1560 2857 1883 2919 discrimen
1913 2868 2250 2920 extremum
2278 2855 2447 2919 veni·

218 2966 398 3009 mus:
444 2942 596 3005 nihil
623 2941 711 3005 est
734 2942 861 3026 jam
893 2944 1056 3005 unde
1085 2963 1196 3005 nos
1223 2940 1589 3018 reficiamus,
1633 2958 1741 3005 aut
1769 2942 1874 3005 ubi
1901 2942 2038 3024 lapsi
2066 2939 2444 3019 resistamus3

218 3052 354 3096 non
401 3030 593 3092 solum
636 3028 961 3091 minuenda
1007 3050 1134 3093 non
1163 3029 1296 3101 sunt
1324 3029 1547 3093 auxilia
1576 3051 1714 3114 quae
1757 3029 2085 3107 habemus;
2131 3030 2233 3095 sed
2261 3032 2448 3093 etiam

219 3138 410 3195 nova,
442 3118 484 3179 si
516 3114 648 3178 fieri
678 3114 871 3197 pollit,
901 3117 1298 3199 comparanda
1324 3139 1343 3191 3
1374 3114 1562 3181 hostis
1591 3117 1679 3181 est
1710 3117 1874 3182 enim
1904 3137 2028 3181 non
2059 3121 2221 3204 apud
2251 3120 2445 3183 Anie-

218 3227 392 3284 nem,
441 3204 605 3289 quod
657 3203 820 3267 bello
877 3203 1108 3269 Punico
1160 3200 1561 3291 gravissimum
1615 3204 1809 3270 visum
1856 3204 1967 3284 est,
2010 3205 2114 3271 sed
2159 3211 2222 3271 in
2269 3208 2530 3285 urbe,80

779 3394 812 3442 b
841 3392 1094 3456 occidere.
1273 3411 1301 3445 c
1338 3416 1605 3457 avarum.
1783 3396 1815 3445 d
1845 3406 2007 3457 coetu.
2039 3370 2057 3382 ⁶

286 3612 369 3660 54.
402 3608 649 3673 spatiatim
674 3609 767 3657 vim
795 3605 1147 3667 Tribunitiam.]
1212 3609 1349 3658 Peri·
1478 3612 1558 3658 71.
1599 3605 2042 3673 Tribunus-plebia]
2128 3607 2537 3671 Tribuni-plebia

227 3679 395 3731 mlum
439 3676 643 3723 Catonis
686 3690 799 3723 eum
848 3674 1089 3722 Muraena
1132 3674 1353 3735 periculo
1413 3677 1496 3734 qul
1516 3675 1781 3723 seditiones
1804 3675 2089 3733 moliuntur,
2124 3674 2315 3723 facilius
2343 3678 2404 3721 ed
2426 3673 2540 3722 exi·

227 3738 523 3802 mujungit5
563 3754 679 3787 nam
724 3742 762 3785 si
813 3738 1076 3787 damnetur
1109 3742 1355 3797 Muraena,
1420 3747 1532 3787 tum
1547 3740 1819 3800 perniciosa
1840 3753 1928 3786 sua
1949 3740 2159 3788 concilia
2176 3742 2467 3800 perducent,
2500 3738 2543 3787 si

226 3806 426 3855 dabitur
459 3804 655 3854 occasio
686 3803 986 3852 Catilinariis
1004 3804 1246 3854 Catonem
1265 3820 1357 3865 op·
1420 3804 1705 3853 Muranum
1730 3818 1759 3850 e
1779 3807 2035 3853 consulatu
2057 3812 2351 3852 removeant.

228 3869 508 3931 primentii:
546 3883 662 3917 nam
701 3869 793 3929 ipsi
835 3871 1003 3916 consul
1042 3881 1139 3917 non
1163 3871 1354 3930 aderit5
1485 3870 1566 3915 ¹79.
1613 3869 1760 3931 Apud
1798 3869 2070 3929 Anienem]
2156 3870 2292 3919 Bello
2332 3866 2546 3921 secundo

230 3949 352 3982 nam
382 3936 614 3981 inlocum
644 3935 881 3982 Muraenae
905 3936 1064 3980 nullus
1097 3935 1358 3981 substitue—
1426 3932 1630 3990 Punice,
1665 3946 1780 3980 cum
1824 3935 2043 3995 Capuam
2085 3933 2164 3982 M.
2205 3934 2397 3982 Fulvius
2416 3929 2547 3979 obsi·

229 4006 315 4047 tur
351 3997 478 4046 alius
510 3998 677 4047 invitis
713 3998 959 4055 Tribunis,
992 3999 1108 4059 quia
1128 3998 1366 4045 interce·-
1428 3996 1589 4056 deret,
1623 3998 1856 4056 Annibal,
1906 4006 1963 4046 ut
1993 4011 2111 4047 eum
2144 4007 2309 4047 castre.
2352 4001 2546 4043 morere

230 4064 375 4111 eioue
413 4075 504 4108 suu
523 4063 733 4111 comitia
754 4062 1055 4123 impedient:
1094 4071 1148 4109 et
1185 4064 1255 4109 sic
1291 4064 1368 4110 Si·
1429 4070 1629 4122 cogeret
1675 4063 1838 4111 subito
1876 4064 2130 4113 consitium
2164 4062 2302 4124 cepit
2357 4058 2420 4104 ad
2463 4071 2546 4105 ur-

230 4131 358 4179 bno
399 4123 492 4174 sibi
534 4128 750 4176 sumendi
791 4129 1029 4189 collegam
1068 4134 1365 4190 potestatem
1430 4128 1543 4176 bem
1579 4128 1857 4176 exercitum
1905 4126 2213 4183 ulducendi,
2260 4126 2428 4181 itaque
2457 4135 2547 4170 ea·

235 4193 496 4241 auferent.
1426 4199 1531 4240 stra
1570 4193 1751 4241 locavit
1800 4194 1861 4239 ad
1910 4191 2114 4247 flurium
2172 4192 2433 4242 Anienem,
2480 4187 2546 4237 ad

305 4260 390 4304 68.
437 4251 611 4301 Petunt
647 4254 809 4314 enim]
876 4256 1136 4319 Conjurati
1173 4270 1365 4305 conan—
1428 4258 1632 4306 tertium
1651 4258 1714 4305 ab
1731 4254 1850 4305 urbe
1875 4254 2105 4317 lapidem.
2175 4251 2306 4299 Vide
2327 4249 2541 4309 Livium

236 4330 319 4368 tur
349 4318 564 4379 perdere
605 4331 713 4367 eum
747 4329 799 4369 et
836 4320 1060 4378 fortunas
1100 4326 1152 4369 et
1202 4320 1361 4383 digni·
1427 4320 1514 4367 lib.
1552 4323 1630 4369 26.

240 4393 421 4435 tutem.

1368 4453 1443 4505 29
