2984 4942
453 423 583 485 298
1117 407 1215 474 Μ.
1259 405 1567 473 TULLH
1610 399 2072 474 CICERONIS
2126 409 2137 432 ²

542 548 653 614 es?
702 546 808 609 An
849 556 921 608 tu
959 541 1110 608 mihi
1140 544 1266 628 (cui
1298 541 1533 627 semper
1576 544 1658 605 ita
1702 542 2036 626 persuasum
2081 540 2292 618 fuerit,
2336 563 2466 608 non
2496 535 2815 630 eventis,

543 637 645 700 sed
675 634 854 698 fastis
883 631 1169 717 cujusque
1198 630 1502 695 fortunam
1533 632 1873 716 ponderari,
1918 652 2119 714 neque
2149 632 2211 693 in
2240 631 2479 697 tabellis
2504 631 2509 636 ’
2539 658 2813 718 pauco-

539 745 675 788 rum
705 721 1003 808 judicum,
1049 720 1152 784 sed
1181 725 1243 783 in
1272 718 1581 783 sententiis
1622 724 1896 786 omnium
1943 719 2169 781 civium
2212 718 2441 783 famam
2489 724 2797 789 nostram

543 812 972 892 fortunamque
1011 807 1306 893 pendere)
1350 822 1411 870 te
1440 808 1858 871 indemnatum
1898 808 2088 870 videri
2133 821 2332 891 putas,
2379 832 2565 892 quem
2597 812 2794 890 socii,

457 911 729 986 65quem
760 897 1065 971 foederati,
1110 917 1294 980 quem
1325 893 1497 958 liberi
1525 894 1755 977 populi,
1800 915 1976 978 quem
2007 894 2385 978 stipendiarii,
2430 920 2618 980 quem
2659 923 2799 966 ne-

544 988 890 1077 gotiatores,
934 1005 1119 1069 quem
1149 982 1476 1068 publicani,
1523 1004 1703 1064 quem
1748 981 2019 1046 universa
2054 984 2283 1057 civitas,
2324 1005 2504 1065 quem
2536 988 2791 1072 legati,

537 1097 724 1161 quem
755 1073 981 1136 tribuni
1012 1072 1319 1145 militares,
1364 1092 1544 1152 quem
1588 1072 1802 1151 reliqui
1831 1070 2072 1147 militeS,
2117 1073 2217 1153 qui
2246 1070 2487 1145 ferrum,
2520 1079 2637 1156 qui
2672 1077 2793 1140 fa-

542 1186 731 1239 mem,
762 1155 868 1245 iqui
899 1174 1155 1228 mortem
1177 1158 1547 1244 effugerunt,
1577 1158 1746 1219 omni
1769 1158 2041 1221 cruciatu
2071 1157 2457 1244 dignissimum
2479 1164 2792 1243 putant?

539 1253 644 1317 cui
673 1271 795 1314 non
821 1249 981 1332 apud
1009 1248 1327 1322 Senatum,
1357 1267 1483 1309 non
1506 1245 1667 1330 apud
1691 1247 1884 1308 ullum
1905 1247 2205 1322 ordinem,
2235 1267 2358 1309 non
2386 1249 2541 1331 apud
2569 1252 2793 1333 equi-

459 1344 636 1406 70tes
668 1339 1006 1412 Romanoa,
1049 1356 1174 1398 non
1218 1336 1281 1397 in
1313 1334 1484 1409 urbe,
1529 1354 1654 1395 non
1700 1334 1765 1395 in
1813 1333 1982 1396 Italia
2026 1336 2425 1400 maximorum
2458 1333 2789 1403 scelerum

544 1428 719 1493 venia
745 1427 868 1489 ulla
895 1426 971 1487 ad
1011 1420 1444 1512 ignoscendum
1491 1423 1621 1485 dari
1664 1419 1878 1503 possit?
1924 1423 2031 1507 qui
2074 1422 2352 1507 seipsum
2394 1425 2618 1501 oderit,
2665 1432 2786 1509 qui

541 1529 774 1581 metuat
800 1533 1036 1588 omnes,
1082 1513 1188 1595 qui
1215 1511 1383 1576 fuam
1413 1508 1647 1574 causam
1679 1508 1906 1573 nemini
1934 1512 2317 1575 committere
2347 1512 2591 1588 audeat,
2636 1514 2763 1597 qui

541 1604 602 1667 se
643 1602 765 1686 ipse
810 1598 1227 1665 condemnet?
1294 1599 1633 1681 Nunquam
1677 1619 1793 1681 ego
1834 1598 2183 1684 sanguinem
2222 1600 2485 1680 expetivi
2524 1615 2712 1663 tuum
2751 1626 2772 1664 ι

540 1710 850 1772 nunquam
898 1689 1048 1750 illud
1100 1699 1465 1761 extremum,
1511 1686 1675 1768 quod
1724 1684 1907 1766 pofl‘et
1951 1687 2067 1749 effe
2111 1685 2404 1771 improbis
2452 1701 2518 1750 et
2544 1690 2768 1772 probis

456 1781 892 1849 75commune,
923 1774 1279 1856 supplicium
1304 1774 1448 1858 legis
1471 1793 1540 1835 ac
1557 1772 1797 1857 judicii:
1826 1771 1930 1836 sed
1951 1774 2286 1860 abjectum,
2309 1789 2773 1860 contemptum,

539 1862 890 1945 despestum
920 1884 955 1924 a
983 1862 1242 1937 caeteris,
1288 1881 1323 1922 a
1351 1874 1411 1923 te
1456 1860 1585 1943 ipso
1614 1859 1992 1943 desperatum
2038 1877 2100 1925 et
2141 1861 2455 1939 relidium,
2502 1864 2767 1930 circum·

537 1951 914 2039 spessantem
936 1949 1164 2026 omnia,
1187 1947 1484 2032 quidquid
1508 1948 1887 2031 increpuiffet
1907 1950 2453 2035 pertimescentem,
2476 1951 2766 2015 diffiden-

537 2053 665 2103 tem
695 2039 816 2102 tuis
844 2039 1048 2114 rebus,
1079 2037 1202 2100 fine
1229 2056 1404 2112 voce,
1435 2034 1557 2099 fine
1586 2036 1879 2111 libertate,
1912 2038 2033 2101 fine
2063 2038 2446 2113 auctoritate,
2482 2040 2606 2103 fine
2636 2042 2758 2104 ulla.

540 2127 736 2213 specie
764 2125 1103 2201 consulari,
1132 2123 1505 2200 horrentem,
1526 2138 1909 2202 trementem,
1939 2127 2286 2190 adulantem
2309 2147 2528 2190 omnes
2549 2128 2754 2192 videre

457 2221 604 2280 δῦτε
631 2215 834 2279 volui:
877 2213 1016 2278 vidi.
1110 2214 1321 2300 Quare
1352 2211 1391 2274 fi
1423 2212 1534 2275 tibi
1562 2212 1848 2288 evenerit,
1894 2215 2057 2295 quod
2098 2215 2337 2291 metuis,
2381 2236 2461 2277 ne
2492 2217 2760 2291 accidat3

458 2321 468 2332 ‘
540 2304 824 2388 equidem
846 2323 971 2365 non
995 2300 1246 2364 moleste
1272 2300 1504 2366 feram:
1549 2299 1634 2362 fin
1663 2301 1723 2363 id
1742 2302 1969 2364 tardius
1999 2301 2159 2365 forte
2189 2301 2318 2377 fiet,
2360 2302 2533 2367 fruar
2552 2318 2758 2368 tamen

540 2403 647 2454 tua
692 2389 1086 2475 indignitate:
1130 2409 1244 2452 nec
1273 2389 1478 2452 minus
1508 2388 1763 2453 libenter
1807 2403 2184 2453 metuentem
2229 2390 2469 2466 videbo,
2516 2412 2592 2456 ne
2620 2412 2757 2458 reus

540 2476 674 2554 fias,
720 2497 900 2560 quam
929 2496 1141 2540 reum:
1187 2497 1298 2540 nec
1331 2477 1527 2541 minus
1557 2477 1830 2554 laetabor,
1876 2499 2018 2543 cum
2065 2491 2127 2541 te
2156 2477 2389 2562 semper
2428 2477 2754 2559 sordidum,

540 2586 722 2652 quam
751 2564 794 2629 si
823 2563 1121 2650 paulisper
1150 2563 1520 2630 sordidatum
1540 2564 1831 2628 viderem.

518 2769 599 2818 64.
634 2767 796 2828 Socii.)
831 2766 963 2816 Socii
984 2766 1051 2814 illi
1071 2766 1238 2828 populi
1263 2765 1572 2825 dicebantur,
1636 2766 1812 2830 quibus
1849 2783 2006 2831 neque
2026 2771 2234 2830 populun
2257 2770 2401 2819 Rom.
2428 2769 2510 2827 jus
2539 2769 2746 2819 dicebat.

453 2830 744 2895 quibu-cum
769 2833 920 2894 aequis
949 2830 1326 2890 conditionibus,
1360 2839 1413 2878 et
1431 2841 1575 2891 aequo
1709 2833 1780 2881 lb.
1835 2833 2177 2896 stipendiarii.)
2231 2836 2546 2895 stipendiarii
2585 2837 2747 2898 populi

451 2894 565 2958 jure
591 2911 642 2944 se
663 2898 868 2947 Romani
893 2894 1274 2956 adstringebant.
1638 2898 1756 2946 dicti
1795 2906 1926 2956 sunt,
1963 2899 2047 2961 qui
2083 2897 2265 2960 aliquid
2308 2901 2493 2961 populo
2535 2902 2744 2948 Romam

514 2965 595 3016 56.
632 2963 905 3023 foederati.)
943 2960 1182 3009 Foederati
1205 2975 1301 3008 non
1329 2960 1570 3022 distingu-
1635 2962 1933 3024 pendebant.

450 3036 603 3075 untur
621 3043 653 3076 a
670 3029 827 3080 sociis,
843 3029 935 3076 nisi
959 3029 1085 3084 quod
1103 3026 1289 3088 aliquid
1304 3040 1369 3074 ex
1390 3028 1571 3075 foedere
1702 3029 1781 3077 83.
1817 3029 2002 3092 Semper
2045 3027 2312 3086 sordidum.)
2380 3030 2635 3078 Sordidum
2670 3030 2747 3078 hic

452 3096 638 3156 populo
671 3095 892 3142 Romano
909 3091 1172 3142 deberent,
1232 3092 1383 3140 Verbi
1415 3097 1572 3152 gratia
1635 3093 1882 3152 intelligit,
1915 3095 1993 3154 qui
2019 3093 2070 3141 in
2090 3092 2317 3142 lamentis
2334 3100 2386 3142 et
2408 3097 2543 3142 luctu
2558 3110 2746 3157 semper

453 3155 724 3204 mittebant
745 3157 952 3214 auxilia,
973 3169 1129 3219 eaque
1152 3166 1353 3217 sumptu
1373 3159 1573 3220 proprio
1629 3155 1785 3216 jacet.

453 3233 569 3268 oum
587 3234 664 3266 res
680 3215 924 3280 exigebat.
1701 3225 1779 3272 84.
1816 3222 2149 3282 Sordidatum.)
2201 3223 2499 3272 Son-didacum
2524 3236 2644 3269 vero
2664 3224 2745 3270 in-

523 3285 594 3330 lb.
632 3283 830 3346 Laberi.)
886 3284 1042 3332 Liberi
1087 3285 1248 3346 populi
1287 3293 1447 3341 erant.
1484 3286 1568 3347 qui
1631 3290 1824 3346 telligit,
1838 3288 2178 3349 quiobsoletus
2193 3286 2743 3336 vestibusrensamictus

452 3360 613 3409 neque
635 3351 765 3411 legen
802 3348 1115 3412 accipiebant
1142 3364 1176 3396 α
1205 3352 1386 3414 populo
1421 3351 1566 3400 Rom.
1630 3359 1708 3402 ent
1727 3353 1789 3402 ad
1811 3352 2193 3404 miscricordiam
2210 3355 2257 3404 in
2273 3365 2322 3400 se
2336 3350 2672 3402 excitandam.
