2984 4942
816 385 1162 453 ORATIO
1205 382 1386 448 PRO
1429 383 1527 448 Μ.
1573 381 1908 453 COELIO.

2370 352 2530 445 245-

222 514 564 605 oeipubh'cae
594 540 826 603 poenas,
866 520 974 583 sed
996 522 1072 582 ad
1096 519 1361 583 mulieris
1390 518 1667 582 libidines
1686 534 1746 582 et
1774 517 2013 582 delicias
2040 518 2404 603 deposcitur.

225 612 430 694 Atque
451 611 570 673 hoc
591 608 775 671 etiam
795 608 931 670 loco
961 608 1056 669 M.
1088 607 1381 681 Camurti,
1423 620 1486 669 et
1515 606 1588 669 C.
1638 606 1842 669 Eserni
1859 606 2158 671 damnatio
2187 608 2410 690 praedi-

216 710 408 761 catur.
457 697 520 760 O
562 694 962 758 stultititiam!
1013 693 1336 759 stultitiam·
1348 715 1426 757 ne
1455 693 1677 767 dicam,
1719 715 1798 756 an
1830 693 2256 775 impudentiam
2286 696 2489 757 sin-10

224 787 502 870 gularem
533 781 559 845 ?
605 782 942 845 audetis-ne
973 803 1113 844 cum
1140 781 1216 844 ab
1238 801 1309 844 ea
1338 783 1585 845 muliere
1616 782 1887 857 veniatiS,
1931 779 2129 843 facere
2158 781 2405 846 istorum

214 870 536 935 hominum
558 867 979 931 mentionem?
1027 869 1367 932 audetis-ne
1394 871 1658 932 excitare
1689 871 1841 931 tanti
1892 866 2100 951 flagitii
2128 870 2408 932 memori·

218 978 346 1033 am,
391 978 512 1020 non
533 956 863 1020 extinctam
887 957 1052 1020 illam
1081 957 1348 1039 quidem,

1392 955 1495 1019 sed
1523 957 1841 1040 repressam
1869 953 2211 1018 vetustate?
2259 957 2407 1041 Quo

215 1049 385 1108 enim
412 1044 496 1106 illi
545 1043 820 1119 crimine,
866 1058 1219 1125 peccatoque
1263 1045 1571 1128 perierunt
1597 1043 1621 1105 ?
1668 1065 1907 1125 nempe,
1953 1043 2114 1126 quod
2143 1063 2195 1126 eJ
2181 1042 2408 1106 usdem

213 1132 487 1195 mulieris
514 1132 789 1194 dolorem
807 1146 870 1193 et
898 1131 1172 1216 injuriam
1190 1130 1482 1194 Vettiano
1506 1131 1738 1194 nefario
1761 1131 1792 1191 s
1788 1144 1899 1193 unt
1929 1129 2129 1211 stupro
2154 1130 2184 1176 b
2216 1129 2499 1217 perse-15·

214 1219 370 1281 cuti.

459 1219 621 1303 Ergo
650 1231 716 1281 ut
744 1218 1053 1281 audiretur
1081 1218 1276 1281 Vettii
1299 1239 1522 1281 nomen
1547 1219 1609 1281 in
1639 1218 1830 1293 causa,
1876 1231 1946 1280 ut
1975 1217 2076 1278 illa
2106 1231 2278 1279 vetus
2324 1217 2417 1277 A-

214 1304 411 1369 frania
467 1305 675 1368 fabula
700 1306 1103 1381 refricaretur,
1164 1305 1390 1369 idcirco
1432 1304 1708 1369 Camurti
1746 1320 1807 1368 et
1859 1304 2066 1368 Eserni
2100 1303 2274 1367 causa
2330 1301 2418 1363 est

211 1392 551 1456 renovata?
599 1392 702 1474 qui
762 1414 1101 1478 quanquam
1159 1393 1292 1477 lege
1321 1393 1396 1456 de
1442 1394 1503 1455 vi
1561 1410 1724 1456 certe
1747 1414 1870 1456 non
1912 1390 2294 1465 tenebantur,
2341 1412 2415 1453 eo

210 1478 519 1542 maleficio
548 1493 755 1542 tamen
783 1494 955 1543 erant
979 1480 1286 1560 implicati,
1332 1493 1401 1541 ut
1429 1501 1506 1542 ex
1537 1483 1763 1543 nullius
1792 1480 1942 1564 legis
1972 1481 2210 1561 laqueis
2238 1478 2418 1540 emit-

213 1567 387 1629 tendi
414 1568 775 1630 viderentur.

866 1566 962 1630 M.
995 1587 1137 1629 vero
1154 1565 1394 1630 Coelius
1416 1588 1529 1629 cur
1557 1568 1620 1628 in
1648 1567 1765 1630 hoc
1786 1567 1817 1630 J
1829 1567 2096 1629 udicium
2120 1579 2368 1628 vocatur
2390 1564 2505 1628 220

211 1654 339 1717 cui
361 1675 549 1736 neque
600 1657 903 1736 proprium
953 1652 1308 1734 quaestiones
1348 1655 1580 1717 crimen
1608 1654 1907 1738 objicitur,
1952 1674 2066 1716 nec
2104 1673 2247 1715 vero
2306 1653 2417 1714 ali-

213 1741 359 1823 quid
418 1740 732 1826 ejusmodi,
777 1758 805 1788 ⁰
840 1743 1006 1823 quod
1030 1741 1097 1802 fit
1128 1762 1162 1802 a
1206 1742 1339 1825 lege

1369 1741 1739 1827 sejunClmm,
1784 1754 1846 1804 et
1897 1762 2038 1803 cum
2083 1739 2276 1802 vestra
2328 1739 2419 1801 se-

215 1830 465 1892 veri-tate
485 1827 927 1913 conjm6ium3
959 1830 1134 1913 cujus
1163 1828 1353 1909 prima
1382 1843 1530 1892 oetas
1560 1830 1760 1891 dedita
1791 1827 2117 1911 disciplinis
2145 1827 2286 1899 fuit,
2317 1825 2416 1888 iis-

215 1937 335 1998 que
377 1915 621 1992 artibuS,
667 1916 885 1999 quibus
906 1915 1260 1978 instruimur
1280 1916 1355 1977 ad
1377 1915 1543 1979 hunc
1574 1916 1749 1979 usum
1778 1914 2103 1989 forensem,
2148 1916 2223 1977 ad
2250 1916 2284 1964 d
2317 1936 2417 1976 ca·-

212 2003 550 2085 pefl'endam
578 2003 1031 2106 rempublicam,
1064 2003 1141 2064 ad
1167 2001 1489 2078 honorem,
1512 2004 1789 2088 gloriam,
1842 2004 2237 2085 dignitatem:
2280 2020 2310 2050 e
2344 2003 2501 2063 fise&

212 2102 422 2153 autem
463 2090 583 2152 fuit
625 2090 899 2153 amicitiis
960 2090 1257 2175 majorum
1308 2104 1476 2188 natu,
1522 2110 1786 2172 quorum
1825 2088 2049 2149 imitari
2073 2087 2420 2151 industriam

216 2177 772 2259 continentiamque
805 2177 1066 2238 maxime
1096 2176 1278 2237 velit.
1323 2175 1394 2237 iis
1413 2176 1734 2257 aequalium
1766 2174 1997 2248 studiis,
2040 2188 2105 2237 ut
2127 2175 2423 2251 eundum,

218 2284 411 2346 quern
463 2264 679 2346 optimi
731 2284 801 2326 ac
851 2261 1213 2337 nobilissimi,
1276 2276 1482 2346 petere
1528 2261 1774 2325 cursum
1822 2262 2018 2325 laudis
2095 2260 2419 2324 videretur.

213 2349 380 2414 Cum
437 2364 641 2412 autem
687 2348 945 2413 Paulum
988 2350 1118 2434 jam
1173 2348 1404 2413 roboris
1454 2349 1769 2413 acceffifl'et
1827 2350 2013 2425 aetati,
2056 2348 2120 2411 in
2145 2348 2420 2413 Africam

215 2435 532 2520 profectus
576 2437 686 2513 est,
764 2436 848 2521 Q.
869 2436 1163 2520 Pompeio
1189 2435 1543 2500 Proconsuli
1566 2437 2031 2512 contubernalis,
2104 2435 2507 2501 castiffimosso

212 2530 343 2588 viro
418 2542 602 2608 atque
683 2525 883 2588 omnis
963 2523 1146 2587 officii
1212 2523 1692 2609 diligentissimo.

220 2633 363 2675 cum
408 2611 434 2663 f
459 2633 554 2675 res
592 2627 763 2674 erant
805 2626 867 2674 et
904 2611 1279 2696 pofl’effiones
1328 2627 1620 2695 paternae,

1783 2525 1848 2588 in
1920 2547 2036 2606 qua
2124 2526 2423 2605 provincia

1679 2620 1844 2677 tum
1895 2617 2076 2676 etiam
2123 2610 2263 2673 usus
2300 2615 2428 2691 qui-
2531 2668 2550 2681 ,

217 2699 357 2763 dam
379 2701 756 2783 provincialis
801 2720 925 2761 non
951 2699 1074 2762 fine
1105 2697 1302 2773 causa,
1355 2720 1391 2761 a
1423 2701 1751 2785 majoribus
1770 2699 1912 2764 huic
1943 2704 2109 2763 aetati
2136 2698 2420 2760 tributus·

216 2784 494 2851 Discessit
510 2787 678 2851 illinc
706 2786 985 2872 Pompeii
1015 2787 1246 2873 judicio
1270 2787 1739 2871 probatissimus,
1787 2802 1855 2849 ut
1874 2786 2051 2870 ipfius
2080 2784 2428 2849 testimonio

314 2984 347 3030 b
380 2983 488 3045 ulti
488 2984 634 3067 sunt
653 2983 861 3045 violata
878 2983 1148 3086 pudicitia
1173 2983 1364 3045 Vettii.

213 3070 486 3134 nandum.
541 3089 571 3119 e
601 3068 793 3132 habuit
811 3093 905 3132 eas
935 3072 1211 3132 amicitias
1231 3060 1690 3154 cumstnioribus.

282 3274 334 3321 9.
374 3269 585 3319 Camurti
603 3277 650 3317 ee
675 3271 727 3318 G.
763 3270 938 3320 Eser-ni
951 3268 1229 3331 damnatio]
1246 3270 1336 3318 vi-

217 3335 401 3385 deutur
441 3336 489 3383 bi
529 3335 766 3391 deminuti,
819 3336 951 3397 quod
969 3349 1034 3383 ex
1059 3336 1116 3382 iia
1137 3333 1337 3393 fuerint,

218 3402 304 3461 qui
337 3404 523 3459 legatos
542 3401 898 3449 Alexandrino·
934 3400 1244 3454 interfecere,
1283 3407 1341 3446 ut

220 3467 386 3525 placet
408 3466 740 3512 Hotomnuno.
780 3466 872 3512 Sed
891 3465 997 3511 aliis
1013 3463 1239 3511 videntur
1261 3463 1339 3510 fu-

220 3528 316 3576 ine
352 3530 585 3587 damnati,
632 3530 759 3589 quod
803 3530 971 3577 Vettio
1003 3529 1195 3575 cuidam
1220 3528 1336 3575 ado-

221 3594 429 3641 lementi
468 3593 567 3641 vim
606 3593 896 3651 intulissent,
930 3599 985 3640 ut
1003 3592 1185 3640 clodiae
1205 3591 1337 3640 sace-

220 3664 333 3705 mnt
345 3659 487 3733 natis..
512 3672 656 3718 aqua
671 3655 776 3716 ejus
799 3657 1041 3718 pudicitia
1060 3670 1154 3705 ιιοιι
1177 3659 1335 3719 potuit

219 3735 508 3783 0990811222·

291 3790 365 3834 16.
397 3786 462 3835 Ut
483 3786 566 3834 illa
602 3793 725 3834 uetus
763 3787 970 3845 Afrania
996 3786 1164 3847 sabula
1199 3789 1336 3844 rqfri·

220 3849 445 3909 caretur-,J
495 3850 706 3899 Videtur
740 3854 831 3899 hoc
866 3852 1083 3899 facinore
1119 3852 1335 3900 renovari

220 3918 463 3963 memoria
506 3915 677 3975 flagitii
712 3916 803 3963 illis
839 3916 1008 3963 similis
1026 3915 1239 3976 flagitiis,
1272 3918 1335 3963 de

220 3979 400 4040 quibus
418 3980 647 4028 Afranius
668 3989 825 4040 poetn,
850 3980 932 4040 qui
955 3985 1144 4033 togatas
1158 3980 1339 4036 tumis-

223 4044 349 4091 sime
364 4045 581 4102 scripsit:
621 4046 710 4093 nisi
743 4046 947 4093 fortasse
976 4046 1199 4102 designet
1221 4044 1337 4091 Cai-

224 4121 310 4155 am
333 4106 583 4156 Afranium
599 4108 1072 4169 impudentissimam
1087 4106 1345 4157 soeminam

223 4178 487 4232 poetriam,
520 4180 572 4219 et
594 4180 860 4225 multarum
878 4172 1156 4222 fabularum
1177 4171 1345 4220 inven-

225 4237 425 4293 tricem,
448 4238 509 4283 de
530 4250 627 4297 qna
645 4241 861 4301 loquitur
883 4240 993 4287 val.
1022 4241 1163 4287 Max.
1186 4237 1270 4286 lib.
1297 4239 1343 4285 8.

224 4317 341 4363 carp.
363 4305 413 4349 3.
1214 4308 1219 4315 ’

300 4370 371 4415 18.
426 4364 552 4429 Lege
586 4367 640 4412 dc
665 4368 710 4413 vi
750 4384 841 4416 non
884 4367 1193 4426 tenebantur-1
1250 4371 1348 4416 Te-

1398 2998 1425 3030 c
1459 2983 1606 3079 quod
1629 3007 1732 3046 non
1753 2983 2002 3159 lic-fiper}
2015 2984 2204 3067 legem.
2249 2989 2279 3034 d
2307 2983 2516 3067 gubena

1871 3094 1975 3133 acu
1996 3083 2154 3133 tates.

1399 3270 1754 3329 rempublicam
1771 3272 2069 3321 turbonem:
2094 3272 2178 3320 sed
2191 3271 2308 3333 quia
2319 3271 2418 3321 vim
2437 3275 2514 3322 ἰιιι

1399 3339 1590 3383 tuleras
1596 3343 1617 3383 t
1656 3335 1858 3395 juvenis
1913 3337 2201 3384 sanctissimi
2244 3336 2512 3398 pudicitiae,

1398 3401 1530 3460 qnod
1557 3401 1754 3460 quidem
1775 3402 1836 3449 ad
1858 3402 1956 3449 vim
1990 3401 2239 3462 publicam
2265 3405 2512 3461 pertinere

1403 3463 1686 3513 videbatur.

1465 3531 1545 3577 28.
1573 3529 1875 3578 Νοὺἑὶἰεείτηί.
1880 3525 1902 3586 ]
1942 3531 2165 3579 Eundum
2186 3530 2299 3577 vitae
2315 3509 2516 3582 cursum

1403 3594 1563 3640 tenuit
1587 3594 1791 3651 Coelius,
1826 3608 1972 3653 quem
2011 3594 2297 3643 nobilissimi
2331 3596 2513 3659 quique

1398 3672 1594 3717 temper
1609 3665 1889 3707 tenuerunt.

1462 3726 1546 3771 30.
1587 3723 1868 3772 Proconsuli.
1873 3721 1895 3780 ]
1920 3724 2372 3773 Proconsulesdicti
2397 3732 2515 3776 sunt

1398 3788 1523 3848 quod
1545 3787 2391 3846 proconsulibusadadminintrandns
2405 3808 2515 3853 pro

1399 3851 1586 3899 vincias
1602 3854 1931 3900 mitterentur.

1469 3918 1540 3962 lb.
1587 3916 1970 3975 Contubernalis-J
2005 3917 2390 3967 Contubernnlet
2422 3920 2514 3968 mi-

1403 3978 1513 4027 lites
1526 3980 1833 4038 dicebantur,
1868 3983 1948 4043 qui
1969 3982 2139 4030 decem
2160 3982 2248 4031 sub
2263 4000 2357 4031 uno
2377 3985 2517 4045 papi-

1400 4044 1527 4092 lione
1548 4045 1805 4104 degebant.

1475 4113 1554 4157 3⁸2.
1612 4111 1734 4158 Usus
1796 4110 1980 4173 quidam
2020 4112 2334 4173 provincialis.
2343 4110 2364 4167 ]
2425 4113 2520 4161 Ro-

1410 4174 1541 4222 mani
1576 4174 1798 4223 solebant
1857 4175 2189 4224 adolescentes
2229 4178 2290 4222 ad
2326 4177 2519 4234 provin.

1410 4238 1513 4289 cias
1534 4254 1648 4288 cum
1675 4240 1954 4300 praesijibus
1997 4241 2208 4294 mittere,
2242 4246 2294 4286 ut
2308 4242 2520 4295 natatio·

1412 4318 1488 4351 res
1521 4307 1581 4352 ad
1609 4307 1962 4363 rempublicam
1984 4302 2418 4352 administrandam
2438 4324 2526 4357 ac-

1410 4370 1672 4426 cederent3
1706 4372 1837 4418 unde
1860 4370 1939 4422 hic
1961 4382 2074 4415 usus
2109 4381 2195 4427 pro
2216 4369 2523 4431 experientia

224 4432 473 4480 nebantur
502 4431 564 4479 dc
589 4446 634 4478 ιι
657 4431 870 4494 leid-em,
920 4449 1013 4483 non
1051 4433 1175 4497 qnod
1202 4431 1347 4484 armis
1415 4438 1633 4489 venitm.

1363 4503 1482 4553 :35
